3270 5182
716 683 914 748 -110-

281 832 362 879 nore
384 811 416 878 di
438 831 498 878 sua
521 811 648 877 castita.
673 811 717 888 li,
734 810 822 875 aooid
846 810 937 876 oh’io
960 811 1097 876 eominei
1112 810 1268 896 alquanto
1292 813 1348 899 piir

281 919 324 988 da
345 920 454 1009 iungi,
477 941 498 986 a
521 937 580 985 sua
603 917 753 1007 gloria‚i
776 919 883 1005 popoli
905 918 937 986 di
960 919 1110 998 Fenieia,
1128 920 1267 986 secondo
1285 921 1346 988 ohe
1411 947 1418 957 ·

280 1032 299 1098 ὸ
332 1030 419 1098 assai
452 1026 577 1096 famosa
610 1046 703 1107 cosa,
730 1029 830 1096 molto
859 1028 1038 1096 oonoaoiuti
1073 1048 1132 1115 per
1162 1027 1346 1109 industria,
1414 1027 1422 1043 '

281 1158 427 1207 vennere
450 1139 544 1223 quasi
567 1136 825 1204 dali’estremitd
848 1136 879 1202 d’
893 1137 1005 1223 Egitto
1029 1137 1061 1202 al
1092 1137 1157 1203 lido
1183 1136 1215 1202 di
1239 1138 1347 1215 soria,
1400 1210 1407 1216 η

282 1266 300 1310 e
324 1245 414 1332 quivi
436 1243 631 1310 edificarono
648 1243 745 1309 molte
768 1264 787 1308 e
810 1242 932 1309 famose
956 1244 1053 1320 citra,
1071 1243 1154 1310 delle
1171 1245 1277 1329 quali,
1293 1249 1351 1312 tra

282 1353 329 1440 gli
349 1353 445 1429 altri,
468 1351 503 1417 iu
526 1372 563 1418 re
586 1354 757 1437 Agenore,
782 1350 905 1416 famoso
927 1351 960 1416 ai
988 1354 1102 1417 nostro
1136 1356 1246 1438 tempo
1280 1372 1348 1419 non

280 1459 341 1526 che
362 1459 395 1526 al
418 1478 488 1524 suo.
506 1458 564 1524 Dal
589 1457 685 1543 quale
707 1454 741 1522 iu
765 1456 901 1523 creduto
925 1455 985 1524 che
1009 1455 1216 1524 disoendesae
1231 1459 1264 1525 ia
1281 1460 1351 1547 glo·

281 1567 368 1633 riosa
391 1566 532 1634 schiatta
555 1565 587 1631 di
610 1565 707 1641 Dido,
730 1563 753 1630 il
776 1564 828 1630 cui
850 1563 951 1650 padre
974 1564 1008 1631 iu
1032 1565 1112 1632 Belo
1135 1584 1172 1630 re
1196 1564 1228 1631 di
1252 1567 1349 1633 Feni-

278 1676 344 1751 οἱα,
368 1675 390 1741 ii
413 1674 527 1760 quale,
551 1674 747 1760 soggiogata
770 1672 812 1737 da
835 1673 880 1738 lui
915 1673 935 1738 l'
949 1673 1031 1738 isola
1054 1672 1086 1739 di
1109 1672 1224 1758 Cipio,
1248 1681 1347 1741 mori.

280 1783 306 1848 Ε
329 1783 394 1847 aila
416 1784 523 1846 morte
538 1781 637 1844 lasoid
661 1780 703 1844 lei
718 1779 918 1866 giovinetta‚
935 1800 953 1845 e
969 1779 1171 1866 Pigmaiione
1187 1779 1363 1864 alquanto.

281 1889 450 1975 maggiore
473 1905 532 1952 suo
556 1885 717 1972 figliuom,
734 1885 1015 1951 raooomandaudo
1030 1886 1129 1971 quelli
1150 1887 1181 1951 a'
1194 1889 1267 1952 suoi
1290 1888 1349 1954 eit-

283 1993 395 2063 tadini.
421 1996 435 2061 I
458 1994 546 2080 quali
580 1993 688 2059 secoro
722 2013 759 2059 re
793 1994 996 2080 Pigmalione
1031 1995 1064 2058 in
1098 1994 1195 2080 luogo
1219 1993 1250 2060 di
1285 2015 1348 2060 suo

283 2101 401 2189 padre,
425 2124 443 2168 e
466 2102 572 2177 Elisa,
595 2100 862 2167 eccellentissimo
885 2100 917 2165 di
950 2100 1110 2177 beliezza,
1133 2099 1265 2188 diodoro
1288 2123 1351 2186 per
1377 2188 1380 2194 ἡ

285 2208 404 2295 moglie
426 2206 467 2272 ad
491 2204 637 2273 Acerbaa
660 2205 717 2292 (l),
741 2206 903 2272 chiamato
927 2206 1106 2275 altrimenti
1133 2206 1268 2284 Sioheo,
1292 2228 1352 2274 ov·

214 2386 217 2390 ,
287 2336 368 2386 vero
401 2315 552 2393 sicaria,
576 2313 745 2382 sacerdote
780 2314 809 2380 d'
823 2315 956 2391 Erooie,
985 2315 1007 2380 ii
1042 2314 1138 2401 quale
1170 2334 1280 2385 aveva
1315 2317 1351 2383 ia
1395 2390 1399 2396 ,
1474 2384 1478 2392 ,

287 2424 437 2513 maggior
459 2423 584 2511 dignitd
605 2442 761 2509 appresso
785 2424 836 2489 dei
860 2443 907 2490 re.
931 2423 1044 2501 Questi
1072 2423 1269 2491 a’amarono
1292 2426 1351 2492 in-

283 2534 382 2601 sieme
406 2554 466 2600 oon
490 2553 574 2620 gran
596 2534 728 2600 santita.
752 2533 819 2598 lira
842 2534 1047 2622 Pigmaiione
1069 2553 1168 2619 sopra
1198 2536 1277 2603 tutti
1302 2535 1351 2621 gli

280 2642 400 2708 nomini
422 2641 626 2727 cupidissimo
650 2662 668 2707 e
691 2640 877 2706 insariabiie
901 2641 1020 2717 d'oro,
1045 2662 1063 2707 e
1099 2646 1164 2707 cosi
1201 2641 1351 2708 Arerhas

281 2768 340 2816 era
363 2749 583 2824 rioohissimo‚
606 2747 747 2825 benohd,
772 2750 960 2814 corrosoiuta
994 2749 1014 2815 l’
1031 2749 1177 2815 avarizia
1208 2750 1259 2814 del
1293 2771 1352 2819 re,

281 2858 347 2945 egli
371 2861 500 2925 tenesse
523 2859 674 2922 nasoosta
698 2856 729 2920 la
753 2875 813 2919 sua
836 2860 976 2921 moneta.
1001 2857 1057 2921 Ma
1086 2875 1150 2922 non
1185 2857 1351 2923 avandola
1466 2900 1476 2912 ι

283 2968 398 3051 potuta
422 2961 621 3030 nasoondere
645 2961 709 3028 alia
733 2960 819 3028 iama
842 2959 907 3048 (2),
931 2965 1035 3030 tratto
1069 2963 1272 3050 Pigmaiione
1306 2964 1350 3030 da

355 3384 420 3454 (l)i
441 3387 514 3439 nomi
533 3386 677 3456 proprii‚i
705 3385 792 3455 quali,
812 3401 888 3439 come
914 3386 950 3439 ho
978 3386 1051 3441 dotto
1079 3387 1151 3441 nella
1181 3389 1353 3459 presedere,

285 3475 375 3531 denno
394 3474 477 3530 molta
496 3475 574 3544 briga
592 3477 615 3528 si
635 3474 678 3528 nel
697 3478 768 3530 testo
786 3473 836 3529 che
863 3474 934 3529 nella
961 3476 1130 3544 traduzione,
1149 3495 1203 3532 noo
1231 3480 1352 3550 sapaudo
1445 3521 1448 3528 .

285 3566 352 3623 dove
369 3567 447 3621 aiano
466 3565 512 3637 piir
529 3565 621 3634 guanti
640 3565 820 3633 ercanradi,
839 3584 856 3621 a
873 3570 969 3636 questo
988 3567 1070 3636 luogo
1088 3584 1155 3622 aono
1174 3568 1243 3623 oltra
1270 3572 1351 3627 modo

285 3659 423 3724 aromati,
442 3656 600 3726 leggeodosi
621 3655 663 3710 nel
683 3655 781 3723 latino,
800 3654 913 3709 Aterdoe
930 3673 978 3710 aeu
994 3657 1111 3727 Sychaeo
1129 3659 1172 3712 vel
1188 3659 1288 3713 Si'oario
1306 3677 1353 3715 co-

285 3750 380 3819 niugio
398 3750 513 3802 iunaero
531 3747 630 3810 (emori
660 3747 710 3800 che
736 3763 790 3801 non
818 3763 936 3817 possono
963 3764 1053 3802 eaeare
1080 3749 1122 3803 del
1150 3749 1310 3818 Boooaooio‚
1330 3752 1351 3805 il

286 3838 379 3910 quale,
397 3839 483 3893 anche
502 3837 545 3892 nel
565 3854 624 3907 cap.
642 3836 678 3890 60
696 3836 741 3890 dei
758 3836 880 3891 Saooudo
899 3835 969 3891 delio
984 3837 1092 3892 Genad.
1106 3839 1176 3908 degli
1190 3838 1238 3893 Dei
1255 3839 1350 3909 loscio,
1391 3907 1392 3910 Ἰ

286 3929 417 3996 Acerdoe,
429 3944 477 3981 seu
496 3927 621 3981 Sioarbae
633 3928 675 3980 ael
692 3927 781 3980 Sicaeo
793 3926 885 3980 dedere
898 3929 928 3981 in
941 3928 1106 3999 coniugem),
1120 3946 1135 3983 e
1147 3928 1218 3983 nelia
1235 3932 1352 4000 stampe,

286 4018 390 4073 dedero
403 4036 456 4091 per
473 4019 569 4088 moola
586 4036 604 4071 a
622 4016 719 4071 Aterbo
737 4017 868 4070 cammada
887 4017 977 4071 dictaeo
994 4018 1125 4072 sacerdote
1149 4017 1287 4073 d'Ereole.
1306 4019 1351 4075 ido
1414 4049 1416 4052 ·

287 4115 404 4166 corratio
423 4110 522 4165 Atorba
540 4111 569 4164 in
589 4108 706 4164 Acerdos
723 4125 740 4163 o
758 4107 907 4162 Acerbante
925 4125 976 4164 oon
996 4108 1170 4174 Giuetin0,e
1193 4109 1294 4164 Sioarr‘o
1321 4112 1352 4168 in

288 4200 407 4256 Sr'carbo.

358 4291 399 4364 (2)
420 4291 490 4347 Cum
506 4258 614 4364 samem
630 4291 774 4347 occultasse
792 4292 946 4362 nequiverit.
966 4290 976 4345 1
995 4291 1070 4346 oodd.
1089 4294 1172 4346 tome
1200 4289 1219 4346 ii
1237 4291 1355 4362 caedo,

289 4399 466 4440 nomenante.
