3270 5182
760 663 805 677 ·-
828 628 894 693 318
916 662 961 678 -

325 768 508 837 compagno
531 750 561 814 ai
586 749 781 836 congiurati.
805 752 860 817 Ma
889 753 984 838 segni
1019 748 1120 816 molto
1154 749 1400 818 diversamente

325 858 367 925 da
389 857 499 944 quello
522 857 583 923 ohe
607 877 752 943 pensare
774 859 918 945 Epitare.
936 859 1064 926 Perehe
1084 857 1231 936 Volusio,
1255 857 1399 928 volendo

325 985 469 1054 provere
493 985 539 1043 se,
558 985 615 1052 per
639 967 785 1054 servigii,
801 971 931 1053 potesse
955 969 1088 1054 piegare
1104 965 1152 1055 (1)
1166 987 1188 1032 a
1210 987 1246 1032 se
1269 967 1300 1033 la
1316 986 1400 1054 gra-

326 1076 377 1142 zia
412 1073 487 1141 delt’
505 1076 721 1160 imperatore,
745 1094 835 1141 come
870 1078 1029 1161 piuttosto
1064 1074 1131 1162 egli
1164 1079 1241 1162 pote
1273 1074 1401 1141 andare

327 1183 384 1248 all'
397 1184 595 1268 imperatore
619 1179 675 1270 (2),
699 1183 745 1268 gli
767 1185 923 1268 rapporto
953 1186 1041 1250 tutte
1072 1183 1102 1248 le
1125 1182 1238 1267 parole
1260 1181 1293 1270 di
1320 1180 1402 1266 Epi-

329 1292 413 1365 tare,
430 1287 557 1354 bancho
580 1289 646 1374 egli
668 1307 733 1353 non
756 1286 880 1355 facesse
896 1289 1005 1374 quello
1024 1288 1085 1353 ohe
1107 1307 1263 1374 persora,
1279 1287 1402 1373 perche

329 1397 440 1483 quella
462 1401 574 1466 astuta
598 1395 760 1474 femmim,
784 1395 963 1465 dubitando
985 1415 1108 1463 aneora
1131 1396 1163 1462 di
1186 1397 1242 1472 tui,
1265 1415 1330 1461 non
1353 1395 1404 1481 gii

330 1524 438 1574 aveva
462 1503 672 1571 manifestato
695 1504 813 1570 aieuno
837 1505 985 1572 de'nomi
1021 1505 1072 1571 de’
1086 1505 1270 1592 congiurati
1292 1502 1347 1590 (3).
1374 1504 1402 1569 E

331 1613 486 1681 mandato
521 1632 580 1698 per
602 1612 729 1697 quella,
753 1632 817 1678 non
852 1615 880 1679 ai
903 1616 978 1699 pote
1002 1612 1073 1678 iare
1104 1613 1165 1679 ohe
1199 1610 1403 1678 confessasse

331 1720 550 1810 alcunaeosa
584 1718 616 1783 di
640 1720 700 1784 ohe
724 1719 756 1784 la
790 1719 876 1786 fosse
907 1718 1112 1787 domandata.
1141 1720 1168 1786 E
1202 1718 1403 1794 finalmente,

331 1825 468 1892 essendo
492 1830 617 1904 tenuta,
643 1845 741 1912 presa
763 1825 817 1916 (4),
842 1825 1051 1894 manifestata
1085 1826 1116 1893 la
1149 1826 1404 1913 congiurazione

331 1917 390 2020 per
415 1934 437 1999 li
459 1934 643 2021 congiurati
668 1933 833 2000 medesimi
857 1954 987 2012 rosso,
1012 1934 1053 2000 da
1077 1952 1157 2020 capo
1191 1937 1324 2000 tornata
1345 1937 1404 2002 al-

332 2041 521 2118 l’esamine,
546 2043 639 2125 quasi
661 2060 751 2107 come
775 2042 816 2107 lei
839 2041 925 2107 fosse
959 2043 1017 2128 piir
1047 2042 1238 2125 impaziento
1271 2040 1331 2106 ohe
1355 2042 1405 2129 gli

334 2148 454 2215 uomini
477 2149 509 2212 ai
532 2150 732 2225 tormentis
756 2147 796 2213 da
820 2149 863 2214 lei
886 2149 941 2234 piis
965 2149 1201 2235 leggiermente
1225 2149 1253 2213 si
1272 2153 1404 2233 potesse

267 2271 272 2282 '
332 2275 449 2341 sapere
473 2255 580 2340 quello
603 2256 663 2321 che
698 2254 952 2330 desiderarano‚
977 2254 1061 2340 dopo
1096 2254 1212 2341 lunghi
1246 2256 1405 2322 tormenti

333 2362 408 2430 fatti
431 2381 452 2428 a
475 2362 528 2439 lei,
552 2364 640 2427 aceio
676 2362 735 2428 ohe
771 2382 835 2428 non
869 2381 1002 2448 parasse
1036 2381 1128 2428 esser
1151 2362 1234 2429 vinti
1263 2360 1304 2426 da
1336 2381 1407 2427 una

333 2469 487 2537 iemmina
511 2469 568 2558 (5),
592 2490 657 2536 non
687 2469 835 2537 confesso
866 2471 975 2563 alcuni
1005 2471 1124 2537 secreti
1154 2471 1187 2536 ai
1216 2473 1406 2536 tormenta-

333 2578 409 2644 tori.
432 2576 654 2655 Finalmente,
678 2583 813 2644 servata
836 2577 867 2643 al
891 2577 922 2643 di
956 2581 1134 2664 seguenta,
1162 2596 1226 2642 non
1261 2575 1407 2662 potando

333 2685 397 2750 ella
420 2684 544 2750 andare
567 2686 616 2750 eo'
629 2686 700 2750 suoi
724 2685 808 2770 piadi
831 2683 886 2771 (6),
910 2684 1072 2762 tamardo,
1096 2684 1199 2750 s’elia
1222 2683 1308 2749 fosse
1330 2688 1407 2750 tor·

334 2795 481 2858 morteto
504 2793 537 2856 ia
561 2795 651 2858 terza
675 2791 776 2868 volte,
800 2811 865 2856 non
889 2795 983 2877 poter
1014 2796 1201 2868 sostenere,
1225 2789 1425 2856 diseiolsesi'

334 2917 400 2964 una
424 2896 524 2963 fascia
548 2897 601 2964 dal
624 2903 725 2984 petto,
748 2919 767 2965 e
791 2898 912 2985 legolla
934 2898 1000 2964 alia
1023 2901 1170 2965 carretta
1193 2896 1278 2963 nella
1306 2896 1406 2981 quale

404 3197 443 3269 (l)
464 3199 597 3260 (Itinere,
615 3197 635 3251 il
653 3197 712 3251 solo
731 3197 788 3252 eod.
809 3197 962 3251 florentino.

405 3285 444 3357 (2)
461 3286 525 3340 Alia
542 3289 650 3357 stampe
667 3302 763 3339 nranea
781 3289 878 3356 questo
896 3287 992 3339 inciso.

404 3374 443 3446 (3)
461 3375 523 3430 Non
550 3373 571 3428 s'
585 3375 695 3428 intende
721 3373 740 3427 l’
757 3374 857 3439 inciso,
885 3375 987 3428 benche‘
1015 3376 1072 3445 opti
1097 3391 1156 3428 non
1184 3375 1288 3444 facesse
1312 3372 1407 3444 (nella

334 3468 442 3534 stampe
471 3461 590 3533 dicasse)
612 3464 706 3535 quello
734 3464 784 3517 che
808 3480 934 3533 pensooo
960 3461 1009 3517 che
1038 3466 1053 3515 ὸ
1077 3462 1117 3516 de'
1132 3462 1226 3517 codici.
1253 3463 1317 3516 Etsi
1343 3479 1405 3516 non

334 3557 422 3626 aperit
449 3554 524 3627 quod
551 3555 675 3609 rebatur.
694 3554 786 3609 Peneo
811 3554 861 3609 che
888 3557 983 3626 queste
1012 3553 1105 3625 parole
1132 3555 1157 3608 si
1183 3553 1345 3608 riseriscano
1369 3554 1405 3608 ad

333 3645 453 3715 Epitore
470 3663 485 3699 e
503 3643 553 3700 che
571 3643 701 3714 valg'ano:
721 3646 858 3699 oneorche‘
876 3646 932 3700 ello
951 3662 1009 3699 non
1029 3646 1132 3714 facesse
1150 3661 1166 3699 o
1184 3644 1288 3698 dicesse
1305 3645 1402 3714 quello

335 3738 384 3790 che
401 3739 429 3791 si
444 3752 570 3806 peneooe
588 3737 698 3789 dooesse
716 3737 778 3806 sare
796 3753 812 3789 o
831 3736 900 3789 dire.

404 3824 443 3897 (4)
461 3825 586 3880 Esseneto
606 3834 714 3888 tenuta,
730 3842 816 3895 prese
834 3829 849 3878 e
867 3825 1114 3895 volgarizzamento
1132 3825 1160 3879 di
1184 3841 1249 3879 eum
1274 3841 1402 3879 servare-

289 3938 290 3942 *
337 3924 388 3970 tur
405 3918 459 3971 sub
477 3917 596 3970 custode.

406 4006 445 4078 (5)
464 4006 562 4061 Manca
580 4006 635 4060 olla
663 4009 779 4078 stampe,
797 4006 931 4062 ancoralia
958 4007 999 4062 sio
1026 4007 1070 4061 dei
1097 4006 1196 4062 latino:
1215 4023 1252 4060 ne
1269 4009 1405 4076 superori

335 4096 503 4150 viderentur
521 4114 538 4148 α
558 4098 688 4166 faentina.

406 4185 445 4257 (6)
463 4185 514 4239 Del
533 4187 626 4240 codiee
645 4186 806 4250 florentino,
821 4203 876 4257 per
901 4189 967 4240 suoi
988 4186 1070 4255 pierii
1093 4186 1104 4239 i
1127 4184 1204 4239 codol.
1222 4184 1344 4238 torinesi.
1363 4182 1404 4237 la

336 4275 451 4345 stampis,
470 4292 529 4328 non
547 4275 666 4343 petendo
684 4277 740 4328 ello
757 4275 866 4328 andere
884 4276 985 4329 o'suoi
1002 4274 1086 4342 piati.
