3330 5190
732 651 934 719 ..285-

296 777 397 865 lunga
420 779 582 845 orazione.
607 779 652 855 E,
677 799 735 864 per
765 781 899 863 questo,
924 777 1173 847 aonforiandolo
1210 781 1370 866 qualli,e

296 884 499 952 messanam
522 883 633 950 madro
669 883 700 948 di
731 885 905 949 Marianna
935 904 994 969 por
1029 886 1216 969 acquistare
1247 887 1279 952 la
1310 906 1371 953 sua

297 991 426 1076 grazia,
450 989 485 1055 fa
508 990 678 1056 indoiioa
712 988 783 1054 iare
817 991 1088 1056 comandamento
1123 991 1183 1058 ohe
1217 992 1250 1057 ia
1283 992 1369 1059 fosse

297 1100 404 1164 moria
420 1096 475 1182 (1),
492 1096 635 1164 dannaia
657 1116 678 1161 a
700 1117 784 1181 pena
807 1097 956 1182 oapiiale,
973 1116 1064 1162 como
1080 1097 1189 1182 quella
1212 1098 1272 1163 che
1292 1119 1369 1166 car-

297 1225 381 1272 oava
403 1205 436 1270 la
458 1209 565 1272 morie
589 1209 705 1271 contra
736 1205 905 1292 laregaie
939 1207 1075 1271 maesia.
1100 1207 1150 1272 La
1183 1207 1279 1292 quale
1310 1229 1369 1294 per

297 1315 389 1379 oerio
412 1314 510 1378 inciid
532 1313 565 1376 in
588 1315 624 1378 sd
649 1316 743 1379 tanto
766 1312 787 1378 il
812 1332 974 1398 generoso
997 1314 1105 1379 animo
1122 1313 1168 1401 (2)
1187 1314 1257 1391 ohe,
1274 1336 1367 1401 spro-

298 1417 417 1506 giando
441 1419 486 1505 (3)
510 1418 542 1484 ia
565 1423 681 1496 morie,
705 1439 724 1484 a
746 1419 911 1485 servando
939 1420 1059 1487 iniiera
1082 1420 1129 1507 (4)
1161 1421 1193 1486 la
1228 1421 1369 1489 beilozza

297 1523 348 1591 dei
371 1545 431 1590 suo
454 1525 544 1591 volio
568 1524 625 1612 (5),
649 1545 713 1592 non
737 1527 871 1612 piegaia
894 1526 927 1590 in
951 1526 1068 1591 aiouna
1099 1531 1195 1612 parte
1218 1547 1239 1593 a
1271 1527 1366 1594 modo

296 1632 328 1699 di
351 1631 502 1698 femmina
525 1632 572 1718 (6)
597 1631 695 1700 udiva
719 1633 858 1700 iacendo
880 1632 913 1698 la
936 1633 1048 1699 madre
1086 1633 1146 1701 ohe
1181 1635 1213 1700 la
1236 1636 1366 1722 ripren-

296 1739 391 1816 devn,
415 1759 517 1807 econ
553 1738 654 1805 faccia
688 1742 829 1807 asciutia
852 1740 899 1827 (7)
924 1740 1096 1827 guardam
1125 1743 1171 1830 gii
1206 1743 1284 1810 altri
1306 1744 1367 1811 ohe

234 1858 236 1864 '
296 1848 520 1936 piangevaooss
544 1870 562 1914 o
586 1869 683 1914 sema
699 1850 817 1915 alcuna
840 1870 954 1935 paura,
978 1871 1069 1915 como
1086 1851 1126 1918 ad
1150 1852 1367 1940 aiiogrissimo

296 1958 426 2038 trimum,
450 1979 511 2025 con
534 1957 642 2026 miiiio
666 1960 756 2028 volio
772 1959 862 2048 (8)(
884 1980 949 2027 non
973 1958 1110 2028 iacendo
1133 1962 1228 2029 alcun
1252 1963 1367 2053 priego

295 2089 354 2156 per
376 2070 408 2137 la
431 2090 491 2135 sua
514 2069 631 2147 saluto,
656 2069 787 2137 andava
810 2070 876 2136 alla
897 2074 1014 2147 morie,
1032 2091 1050 2136 e
1071 2072 1180 2156 quella
1203 2073 1364 2140 ricoveite

295 2177 348 2244 dal
370 2178 556 2268 manigoldo
579 2199 670 2245 oomo
705 2199 782 2246 oosa
817 2178 1002 2247 desiderata
1027 2179 1084 2268 (9).
1109 2181 1176 2247 Per
1207 2181 1238 2247 ia
1272 2182 1367 2268 quale

296 2292 324 2353 si
347 2285 450 2353 forma
474 2289 597 2354 sicurta
612 2286 682 2374 (10)
699 2307 762 2353 non
778 2288 958 2354 solamente
981 2289 1010 2353 si
1027 2288 1161 2356 adirisid
1178 2288 1248 2377 (ll)
1264 2288 1367 2356 l’odio

367 2607 406 2680 (1)
422 2608 578 2663 L’a1·tioolo
597 2625 647 2680 per
664 2608 684 2663 ii
702 2624 834 2681 pronomo
852 2613 868 2664 d
886 2608 930 2663 del
954 2609 1014 2665 solo
1039 2609 1098 2665 eod.
1117 2610 1273 2666 florentino.
1291 2609 1334 2665 Ed
1352 2611 1368 2665 d

296 2697 332 2752 da
349 2702 445 2754 notam
472 2700 701 2754 incontrandovisi
720 2700 799 2771 quasi
826 2716 933 2770 aompro
954 2701 999 2763 lei,
1014 2717 1091 2755 como
1108 2700 1184 2770 aegii
1202 2700 1266 2755 altri
1284 2700 1349 2756 eila.

366 2787 405 2858 (2)
423 2787 488 2842 Cooi
506 2788 543 2841 ha
560 2791 651 2843 renato
670 2788 849 2842 l'Albanzani
867 2788 888 2842 il
902 2796 1015 2842 tamam
1035 2792 1066 2842 in
1082 2807 1112 2843 aa
1129 2791 1262 2844 excitavit
1274 2792 1368 2844 animi

295 2872 339 2927 dol
357 2877 434 2930 tasio.

365 2963 405 3033 (3)
424 2965 634 3034 Diapreqiando
652 2965 661 3018 i
680 2965 756 3020 codd.
776 2965 890 3019 torinesi
909 2981 924 3018 e
943 2964 971 3018 la
989 2968 1104 3036 stampa.

364 3050 404 3124 (4)
422 3054 458 3106 In
478 3062 556 3106 terra
574 3052 617 3106 dol
637 3052 695 3108 cod.
714 3053 859 3108 florentino
878 3058 894 3109 d
912 3070 1012 3108 errore.

365 3139 404 3214 (5)
423 3143 476 3195 Del
492 3159 545 3195 suo
563 3144 644 3206 valio,
663 3141 712 3196 che
731 3146 745 3197 d
764 3142 808 3196 del
827 3143 923 3208 latino,
942 3144 1042 3197 vultam
1061 3145 1111 3197 aui
1128 3152 1238 3197 seruato
1262 3143 1366 3223 dacore,

295 3248 395 3287 manca
413 3233 467 3287 alla
485 3236 600 3304 stampa.
620 3236 674 3288 Dei
690 3251 743 3288 suo
760 3237 829 3299 viso,
847 3236 856 3290 i
875 3235 952 3289 codd.
971 3235 1093 3289 iorinesi.

365 3325 404 3393 (6)
423 3324 432 3377 1
452 3323 527 3379 codd.
547 3325 671 3388 mainetii,
691 3327 723 3378 in
743 3327 829 3380 nulla
842 3334 929 3396 parte
947 3324 966 3380 ii
985 3326 1136 3379 florentino.
1151 3325 1191 3379 La
1206 3328 1314 3397 aiampa
1333 3327 1365 3380 in

295 3416 401 3470 alcuna
419 3433 491 3479 cosa,
509 3419 615 3469 monim
633 3414 652 3469 il
671 3419 742 3470 tosio
760 3415 797 3469 ha
814 3418 900 3470 nialla
919 3435 954 3469 ox
970 3425 1061 3485 parte.

366 3505 405 3577 (7)
424 3505 532 3558 &tutta
545 3505 566 3559 il
578 3506 635 3561 cod.
651 3506 772 3571 fioroni,
785 3523 800 3560 o
813 3515 902 3570 auita,
914 3506 965 3561 cho
983 3511 998 3560 d
1011 3506 1214 3569 lombardiam,
1227 3504 1246 3559 il
1260 3505 1318 3561 cod.
1332 3505 1365 3560 Α.

364 3593 403 3665 (8)
421 3593 470 3647 Dol
490 3595 582 3649 codiee
601 3595 759 3658 ssomntino,
778 3612 793 3647 o
811 3596 893 3648 rende
923 3595 1024 3664 meglio
1042 3594 1185 3664 impactu
1204 3595 1297 3648 alacri
1315 3593 1365 3648 cho

293 3699 347 3738 non
366 3684 453 3738 faccia
471 3683 489 3737 il
510 3686 574 3738 liaeo
593 3686 664 3739 ovito
682 3684 722 3738 do'
733 3684 809 3740 codd.
829 3685 946 3739 iorineoi
964 3702 979 3738 e
998 3684 1070 3738 dolia
1087 3688 1203 3755 stampa,

364 3773 403 3844 (1))
422 3773 443 3826 ii
462 3774 519 3827 cod.
539 3774 685 3828 florentino
704 3773 755 3830 cho
773 3774 810 3828 ha
828 3792 935 3845 aompro
953 3774 1039 3835 daaio,
1058 3774 1106 3845 qui
1124 3773 1161 3827 ha
1179 3773 1294 3828 desidia
1308 3774 1365 3828 Da·

293 3862 420 3917 adderam
439 3865 454 3916 d
473 3862 514 3916 de'
524 3863 600 3918 codd.
621 3864 732 3917 iorinosi
751 3882 766 3917 o
785 3863 856 3917 della
874 3866 988 3934 stampa

363 3950 422 4019 (10)
442 3953 556 4005 Sicanio
569 3952 619 4007 ohe
639 3957 654 4006 ὸ
667 3953 708 4007 de’
719 3953 795 4007 codd.
809 3971 826 4007 a
845 3970 887 4006 mo
907 3953 975 4017 noti,
988 3952 1116 4024 riopondo
1132 3952 1159 4006 al
1172 3969 1230 4024 qua
1249 3955 1366 4006 immota

292 4045 446 4097 mummio
464 4043 507 4097 dol
527 4046 604 4098 tosto.
625 4043 792 4115 Comeggasi
810 4044 838 4098 la
857 4048 974 4116 stampa,
990 4061 1044 4114 per·
1062 4045 1090 4097 la
1118 4045 1204 4115 quale
1220 4047 1245 4098 ai
1274 4046 1366 4115 ferma

293 4132 423 4187 crudelia
442 4133 492 4188 cho
511 4135 557 4207 qui
577 4137 592 4187 d
612 4135 673 4190 iuor
691 4136 718 4190 di
736 4135 828 4206 luogo.

365 4221 422 4292 (11)
441 4224 536 4279 Auird
555 4224 627 4278 delia
653 4228 761 4297 oiampa
779 4230 795 4280 d
821 4244 914 4282 orooro
942 4242 1067 4290 enorme,
1086 4225 1258 4295 imporocchd
1275 4224 1293 4278 1·
1303 4224 1365 4279 odio

295 4311 339 4365 dol
358 4329 388 4367 ro
406 4330 435 4367 ao
455 4313 481 4368 io
500 4332 547 4369 ora
568 4316 616 4384 gid
634 4319 751 4370 attiroto
769 4316 798 4371 in
818 4318 898 4386 guiso
917 4316 966 4371 che
985 4334 1017 4370 oe
1036 4333 1083 4370 ma
1100 4316 1213 4369 vittima.
