3330 5190
298 710 327 776 le
349 709 435 778 altre
458 709 563 776 donne
586 727 728 776 romane.
754 711 884 776 Ancora
907 708 970 775 ella
993 727 1101 776 aveva
1127 728 1169 773 un
1193 728 1295 777 eoave
1310 709 1355 796 (1)

297 819 437 907 pariare,
461 837 479 884 e
501 823 639 885 sonante
661 836 721 884 eon
745 817 893 888 lodevole
916 816 1065 884 doleezaa
1084 816 1149 905 (2);
1173 838 1281 887 aveva
1305 817 1357 882 in·

296 947 404 1014 gegno
427 925 534 993 nobile
549 925 628 1014 (3)0
651 927 772 1004 aottile,
795 946 831 992 ee
855 925 917 991 ella
940 925 972 991 10
987 945 1104 995 avesae
1122 931 1216 992 usalo
1239 945 1356 992 aone-
1392 954 1397 966 ·

296 1041 347 1103 eie
369 1054 454 1101 cese.
479 1034 527 1101 Ed
550 1033 631 1100 ebbe
654 1054 712 1120 per
736 1053 856 1100 usanza
886 1037 1048 1101 mestrare
1083 1035 1116 1099 in
1139 1033 1248 1119 palaea
1279 1054 1357 1099 eon·

297 1146 496 1210 tinuamenle
511 1141 670 1207 modestia
692 1162 711 1206 e
733 1143 766 1206 in
784 1145 914 1207 secreto
930 1161 1028 1206 usare
1050 1141 1186 1209 lascivia
1201 1141 1260 1227 (4),
1273 1142 1356 1207 vizio

296 1268 433 1315 comune
456 1248 518 1314 alle
542 1247 690 1313 feminine
724 1269 742 1313 e
778 1246 919 1313 ascendo
942 1247 988 1332 (5)
1011 1246 1075 1313 ella
1108 1247 1188 1312 rade
1211 1247 1302 1314 velle
1324 1249 1357 1312 in

296 1356 394 1443 luogo
417 1357 543 1442 paleae,
568 1376 631 1420 non
663 1375 721 1420 era
751 1373 847 1420 senza
877 1359 960 1420 arte.
993 1354 1138 1431 Perehd,
1161 1354 1243 1430 ella,
1268 1373 1356 1418 come

296 1464 443 1530 eeallrita
466 1462 617 1529 demmina
638 1461 694 1548 (6),
718 1461 745 1527 ε’
757 1481 889 1528 accerse
912 1466 1007 1547 polee
1030 1460 1183 1528 dilettare
1212 1481 1233 1525 a
1257 1461 1355 1538 molli,

296 1592 314 1635 e
337 1572 370 1635 in
393 1571 549 1656 specialia
571 1570 792 1656 a’maggiori‚
816 1589 944 1654 sempre
968 1569 1030 1635 ella
1055 1571 1167 1636 useiva
1190 1568 1275 1633 fuori
1298 1589 1354 1633 00-

296 1682 389 1762 perta
412 1680 444 1743 in
467 1698 551 1765 gean
574 1684 678 1762 parte,
701 1698 765 1743 non
787 1697 846 1762 per
869 1676 1070 1743 naseondere
1094 1676 1202 1761 quello
1232 1677 1292 1740 che
1315 1677 1354 1741 lei

296 1783 488 1849 desiderava
511 1784 570 1848 che
593 1786 736 1868 placasse
759 1783 800 1849 ad
824 1784 900 1850 altri
916 1782 982 1870 (Ἱ);
999 1802 1050 1849 ma
1073 1802 1132 1868 per
1151 1800 1216 1846 non
1232 1785 1354 1847 aaziare

289 1895 412 1975 *troppo
435 1890 481 1977 gli
502 1891 595 1955 occhi
618 1890 650 1954 di
685 1890 783 1975 quelli
807 1890 867 1954 che
902 1890 932 1954 la
956 1888 1171 1976 guardavauo
1202 1889 1253 1954 col
1287 1909 1354 1954 mo·

296 1998 413 2063 etrarsi
436 1996 659 2074 liberamento,
684 2017 735 2063 ma
768 1998 926 2082 piulloslo
961 1995 1080 2081 perche
1114 1995 1354 2062 desiderassem

298 2103 417 2172 vedere
440 2104 547 2188 quello
570 2104 629 2169 che
652 2104 684 2169 la
706 2104 914 2170 nascendeva
947 2103 997 2168 eol
1031 2103 1105 2169 velo
1128 2103 1183 2189 (8).
1212 2105 1239 2167 11
1269 2104 1354 2168 aeeid

296 2209 410 2297 eheie
433 2229 497 2276 non
520 2211 628 2277 eerehi
650 2210 727 2297 ogni
750 2229 826 2275 cosa
849 2210 983 2276 de’suoi
1005 2211 1160 2286 eoelumi,
1185 2228 1250 2274 non
1277 2229 1352 2294 per·

242 2389 244 2394 ,
296 2315 445 2384 donando
468 2319 532 2384 mai
554 2318 619 2384 alla
642 2316 745 2395 lama,
769 2338 834 2384 noa
856 2319 997 2404 plegava
1020 2317 1066 2404 (11)
1091 2318 1112 2383 11
1144 2337 1203 2382 sao
1233 2318 1355 2404 apetito
1387 2303 1450 2411 ,Ὗ

265 2682 267 2687 .
365 2638 404 2712 (1)
422 2639 469 2694 De'
480 2645 521 2694 tre
539 2640 614 2695 codd.
634 2656 651 2693 a
669 2656 712 2693 me
730 2641 801 2708 neti3
820 2641 978 2709 eormggaei
996 2639 1171 2711 laetempa,
1190 2659 1231 2696 an
1259 2643 1356 2711 01000-

296 2730 356 2783 lare
373 2747 388 2783 e
404 2747 485 2784 soaae
500 2731 625 2799 perlare.

364 2817 403 2891 (2)
421 2819 442 2872 11
460 2823 530 2874 welo
551 2820 692 2875 laudabili
707 2837 829 2875 aenaeae
848 2820 1002 2875 dulcedine.
1023 2819 1043 2872 ll
1062 2819 1121 2876 eolo
1140 2820 1231 2876 codice
1254 2821 1356 2875 floren-

295 2910 359 2975 tino,
378 2920 549 2965 consonante
567 2928 617 2965 con
638 2911 757 2965 ladeaale
774 2910 913 2965 dalcieeia.

364 2999 402 3072 (3)
419 2999 455 3054 Se
474 3017 529 3055 non
549 3002 620 3055 fosse
638 3002 665 3055 di
683 3001 748 3056 tutti
766 3002 775 3055 i
794 3001 886 3066 codd,
905 3001 1017 3056 temerei
1035 3001 1062 3056 di
1087 3002 1150 3075 quel
1174 3004 1281 3064 aedile,
1299 3000 1356 3068 eho,

293 3107 344 3161 per
360 3090 521 3161 dependere
540 3091 567 3144 al
585 3093 716 3145 versatile
734 3090 777 3144 dal
796 3090 890 3157 latine,
910 3090 1079 3163 (inqeniam
1103 3095 1248 3163 eyreaiam
1272 3099 1357 3162 alque
1424 3134 1428 3141 .

294 3180 443 3250 versatile)
462 3182 536 3233 avrel
554 3180 666 3235 credule
685 3180 782 3234 dovere
801 3197 889 3233 essere
906 3182 1013 3233 mobile.

365 3267 404 3338 (1)
423 3268 450 3322 Il
466 3270 539 3321 elam
557 3276 651 3322 aulem
670 3271 716 3322 ati
734 3271 850 3322 lascivia
868 3267 912 3321 del
929 3272 1009 3334 ieele,
1025 3269 1065 3343 ¹mi
1083 3269 1111 3322 la
1128 3270 1260 3338 preterire
1287 3284 1356 3339 que-

294 3360 336 3411 sta
353 3357 458 3410 lezione
476 3356 526 3411 ehe
545 3360 560 3409 ὸ
578 3355 621 3410 del
640 3356 698 3411 eolo
717 3358 775 3411 cod.
794 3357 945 3423 florentiae,
963 3363 1068 3411 mentre
1085 3357 1127 3427 gli
1145 3358 1209 3412 altri
1233 3358 1325 3412 hanno
1342 3374 1358 3412 e

295 3451 327 3502 ia
346 3456 448 3501 secreta
468 3449 584 3501 lascivia
602 3449 672 3500 ralla
690 3446 726 3500 da
743 3448 804 3501 ebbe
818 3464 872 3516 per
890 3464 1003 3502 asanaa
1021 3456 1168 3502 maele-are.

364 3536 404 3609 (5)
421 3536 462 3590 La
479 3536 537 3591 sele
562 3541 669 3607 stampe
693 3536 817 3600 aiendo,
836 3538 863 3590 in
882 3536 965 3607 luogo
984 3538 1012 3591 di
1036 3538 1172 3604 ascendo,
1191 3539 1357 3594 confermata

294 3627 339 3682 dal
357 3627 450 3694 latino,
468 3645 532 3682 eum
551 3629 599 3681 illi
616 3644 705 3682 rarae
722 3636 791 3681 eseel
810 3629 842 3680 in
858 3629 1009 3697 publicam
1027 3645 1166 3698 eqressus.
1388 3647 1390 3650 ·

363 3716 403 3788 (11)
420 3716 443 3770 Ε
460 3732 514 3770 non
533 3716 603 3771 eolla
621 3720 740 3786 elampa:
760 3717 860 3771 Perela’
870 3719 916 3772 ell’
925 3734 975 3771 era
993 3719 1137 3772 scallerila
1156 3721 1301 3790 faemina.

363 3806 404 3876 (7)
422 3805 587 3876 Correggaei
606 3806 634 3860 la
651 3811 771 3878 stampe,
791 3824 849 3861 non
865 3824 919 3877 per
936 3807 1109 3862 aescendere
1126 3809 1219 3880 quello
1241 3809 1291 3862 elie
1308 3807 1356 3862 de-

294 3898 461 3953 sideraeaae
480 3916 494 3951 e
512 3899 561 3952 elie
576 3901 691 3968 piaceae
708 3898 746 3951 ad
763 3900 842 3952 altri.

364 3987 404 4060 (8)
422 3988 445 4042 Ε
464 3989 512 4061 qui
529 3987 572 4042 del
590 3989 659 4060 pari,
671 4006 718 4042 ma
732 3990 871 4059 piuieosto
887 3990 990 4060 perede
1008 3991 1102 4062 quella
1119 3992 1169 4045 clee
1184 3989 1356 4045 aaseoadeea

293 4081 387 4151 aeliae
405 4079 617 4134 desideessero.

364 4168 405 4241 (9)
422 4169 444 4223 11
462 4170 520 4224 eod.
538 4170 693 4236 florentino,
706 4170 734 4224 al
750 4169 840 4236 solito,
858 4170 895 4225 ha
912 4172 1032 4226 clinare
1048 4171 1077 4225 in
1095 4170 1179 4240 luogo
1198 4171 1225 4226 di
1240 4174 1356 4242 pieqare

293 4259 367 4331 degli
385 4259 448 4315 altri
467 4260 561 4315 codici.
