3270 5182
712 653 925 705 -ΧΠ-

278 768 293 836 1
315 765 439 836 miseri
468 762 688 852 parentio).
714 765 787 850 Ap·
834 763 895 830 che
918 776 999 830 sono
1023 764 1130 830 ecioiti
1159 762 1202 830 de
1233 763 1352 830 metri-

279 894 360 959 pooo
391 892 514 958 eppoco
548 891 606 957 per
637 874 729 937 certo
762 872 790 935 si
836 871 954 947 monio,
978 870 999 934 il
1024 871 1122 956 quale
1146 875 1269 955 potere
1295 889 1349 936 ee·

280 978 428 1045 debbono
452 978 583 1043 frenare
607 978 637 1044 ie
658 976 792 1044 voionid
838 979 942 1064 gnire.
981 975 1075 1046 Errit
1113 978 1150 1044 ln
1193 978 1352 1063 pessimo

281 1086 367 1174 degli
389 1086 527 1155 nomini
546 1083 605 1174 (2),
620 1085 789 1151 acciocche
833 1085 1008 1173 fortune,
1045 1102 1064 1154 e
1098 1086 1199 1153 forse
1233 1102 1354 1171 pecce-

284 1195 423 1262 voiendo
446 1199 653 1261 contrastare
676 1193 707 1259 al
736 1214 793 1258 su·
837 1212 923 1262 reno
946 1194 960 1262 i
983 1194 1113 1263 miseri
1141 1193 1297 1286 ponenti.
1325 1195 1354 1259 A

285 1302 351 1369 bito
375 1322 434 1368 suo
464 1303 616 1388 imperio
638 1298 705 1389 (3),
729 1320 795 1366 non
842 1321 923 1386 poco
946 1322 967 1365 a
1003 1321 1083 1387 poco
1118 1320 1177 1386 per
1211 1306 1303 1367 certo
1327 1301 1355 1364 ei

285 1412 313 1477 ei
335 1411 533 1497 eospingeno
556 1429 615 1495 per
646 1408 794 1496 dispern-
839 1409 969 1476 devono
993 1408 1127 1476 frenare
1159 1409 1189 1477 le
1221 1408 1357 1478 volenti
1468 1490 1472 1496 Δ

285 1521 375 1586 aione
398 1539 419 1584 a
439 1519 658 1604 pernotata
678 1519 798 1603 passio·
843 1518 1059 1605 deplorent,
1084 1519 1173 1583 occid
1196 1507 1267 1595 che,
1291 1534 1353 1583 vo·

284 1648 326 1695 ne
359 1628 568 1698 nesineroea
606 1644 626 1697 e
658 1643 794 1697 senze
840 1627 936 1694 lenda
960 1631 1167 1695 contrastare
1191 1625 1223 1693 oi
1247 1625 1356 1693 subito

286 1739 526 1824 temporanee,
547 1742 566 1804 e
589 1738 683 1823 qnasi
706 1757 797 1803 come
842 1757 901 1803 suo
938 1738 1076 1823 impeto
1110 1757 1175 1803 non
1218 1734 1264 1823 gii
1299 1755 1356 1801 so-

286 1865 351 1911 000
374 1846 562 1932 pestilennin
592 1866 609 1910 e
646 1864 689 1909 nn
726 1848 796 1911 tor·
842 1847 1023 1932 spingiemo
1048 1866 1106 1932 per
1134 1844 1357 1931 disperazione

286 1959 394 2020 mento
411 1953 617 2042 de'gioveni,
634 1953 686 2019 nei
707 1953 796 2039 quali
843 1955 873 2019 al
900 1954 1053 2038 pericoio.
1078 1954 1126 2019 La
1155 1954 1357 2038 passione

287 2065 487 2129 certamente
510 2062 583 2146 egli
606 2061 655 2148 (4)
679 2061 707 2127 si
735 2061 795 2128 dee
841 2060 1099 2131 de’deeiderosi
1116 2059 1357 2130 esenzetem·

358 2363 398 2436 (1)
416 2363 443 2418 Ε
459 2365 534 2434 soree
548 2379 703 2433 peeeerono
722 2365 734 2415 i
751 2365 851 2418 miseri
866 2364 994 2433 parenti,
1006 2378 1082 2418 corne
1101 2358 1360 2431 1001000000*οᾳ-

290 2452 372 2507 cordo
389 2452 432 2508 eoi
450 2452 562 2524 periodo
581 2452 751 2524 precedente.
771 2452 828 2506 Ben
847 2452 976 2507 convinne
1003 2452 1096 2506 invene
1121 2450 1206 2522 dopo:
1231 2450 1307 2504 Erre
1333 2451 1361 2503 io

290 2545 412 2611 pessime
431 2544 560 2613 fortuna,
579 2543 606 2596 in
626 2543 789 2598 conformitd
807 2541 850 2596 del
874 2545 960 2598 teoto:
986 2542 1112 2596 Peccavit
1139 2559 1202 2596 sore
1225 2542 1361 2612 pessima,

291 2641 318 2686 et
335 2634 436 2705 forsan
454 2635 555 2687 miseri
568 2650 715 2704 peccavere
731 2641 872 2704 parentes.

364 2724 403 2794 (2)
422 2725 466 2780 (111
485 2725 589 2781 nomini
609 2725 656 2797 qni
674 2742 727 2781 non
746 2724 902 2789 c’entrnno‚
920 2743 950 2780 ee
970 2742 1024 2780 non
1043 2730 1146 2798 quanto
1165 2724 1251 2781 anche
1269 2724 1279 2779 i
1297 2725 1362 2795 gio-

292 2816 352 2870 0001
372 2831 439 2869 nono
458 2815 577 2882 nomini;
589 2832 634 2869 me
651 2813 680 2869 le
697 2817 852 2869 eentenzee
872 2816 1051 2886 appropriate
1064 2815 1119 2869 elle
1132 2814 1275 2884 giorentie:
1288 2798 1362 2868 ’800-
1449 2853 1452 2859 -

291 2907 345 2958 eim
364 2905 478 2975 quidem
497 2904 638 2974 frenandi
654 2912 726 2958 eunt
744 2907 881 2958 iuvenum
902 2907 1032 2974 impetus.
1351 2899 1354 2906 ’

361 2992 401 3062 (3)
420 2992 441 3044 11
459 2995 531 3047 testo
550 2993 598 3061 gie
615 2997 707 3046 neceto
727 2992 805 3062 porte
824 2992 849 3044 d·
860 2994 955 3063 impeti
974 3010 988 3047 e
1013 3009 1067 3047 non
1096 2992 1120 3045 d'
1131 2993 1244 3062 imperi,
1262 3008 1361 3046 encor-

292 3079 341 3135 chd
359 3082 426 3136 certi
445 3081 540 3151 impeti
567 3081 714 3149 giovanni,
733 3084 854 3151 apponte
874 3081 973 3151 perche
1001 3082 1131 3147 eirenen,
1150 3098 1206 3134 non
1235 3098 1288 3152 pur
1312 3097 1362 3135 co-

292 3171 430 3232 mendino,
448 3170 479 3238 (e
498 3186 548 3225 ore
566 3170 591 3224 ci
609 3171 714 3237 eierno)
734 3171 938 3239 tirenneggino.
960 3171 1072 3224 Seterim
1090 3171 1205 3242 quidem
1224 3170 1364 3240 frenandi

293 3270 361 3316 ruat
380 3264 517 3316 iuvenum
538 3263 670 3332 impetus,
689 3278 725 3315 ne
742 3261 813 3315 dum
833 3264 982 3332 repentino
996 3263 1069 3316 obice
1088 3263 1151 3316 illie
1163 3263 1296 3317 obsistere
1313 3279 1363 3316 oo·

295 3354 390 3406 tumus
418 3353 600 3422 desperantes
628 3354 661 3405 in
682 3354 888 3422 praecipitium
916 3353 1106 3422 impellamur.
1126 3352 1235 3407 Senon
1262 3350 1312 3407 che
1336 3352 1364 3405 ie

294 3442 421 3512 gionentir
439 3442 525 3497 d'ore
541 3459 596 3496 non
615 3442 640 3495 ci
659 3458 692 3494 vn
711 3441 745 3494 lei
765 3443 793 3495 in
812 3441 969 3512 precipicio,
988 3443 1014 3496 ci
1033 3442 1132 3496 menda
1150 3442 1190 3511 gli
1209 3442 1281 3496 altri.

364 3531 403 3601 (4)
422 3531 526 3595 Qneeto
545 3535 559 3586 e
578 3532 690 3603 proprio
709 3531 730 3585 ii
749 3548 813 3586 eaeo
833 3531 860 3585 di
879 3533 996 3602 ripetere
1014 3531 1040 3584 le
1062 3532 1239 3602 mereriglie‚
1258 3531 1317 3586 enei
1336 3530 1363 3586 lo

295 3626 405 3694 stupore
423 3622 466 3676 del
485 3623 539 3677 mio
559 3622 714 3693 professore
734 3622 760 3675 di
781 3622 878 3676 lettere
896 3622 984 3693 (dopo
1003 3622 1022 3675 il
1042 3622 1202 3677 Fornecieri
1221 3639 1239 3676 e
1257 3622 1365 3691 ance)

295 3713 348 3767 elle
364 3730 478 3768 romono
505 3713 652 3784 sapiencie,
671 3711 689 3765 1·
699 3729 733 3766 ex
760 3714 869 3782 geeuite
893 3712 943 3768 Ab.
969 3713 1051 3783 isnigi
1071 3713 1109 3766 M.
1127 3712 1223 3778 Remi,
1242 3713 1364 3768 eliorche

296 3803 412 3873 pigiieve
431 3821 448 3857 e
467 3802 618 3858 dichiornre
636 3803 664 3855 ln
681 3802 789 3856 celebre
817 3802 868 3855 ode
892 3802 936 3855 del
963 3802 1130 3872 5Maggio‚
1148 3803 1175 3856 le
1203 3803 1283 3874 qnele
1310 3819 1364 3857 non

295 3891 342 3947 che
361 3908 417 3947 non
435 3893 562 3962 endergli
581 3909 598 3946 a
615 3908 702 3956 verso,
721 3891 761 3961 gii
782 3891 850 3944 dere
869 3893 895 3945 ei
923 3893 1007 3945 nervi.
1028 3893 1064 3946 Ei
1088 3894 1137 3962 tie,
1155 3892 1365 3955 incomineiova,

296 3997 343 4036 ore
360 3986 375 4037 e
394 3982 473 4055 qnasi
492 3998 582 4036 mezzo
602 3981 700 4035 secolo.
724 3981 778 4036 Chi
794 3985 809 4033 i
828 3991 925 4052 questo
943 3982 1000 4036 Ei?
1022 3983 1083 4036 Coa
1107 3983 1164 4036 otte
1185 3985 1281 4052 prime
1305 4000 1365 4037 non

296 4073 317 4127 r'
326 4073 449 4127 intende.
470 4072 494 4127 Α
512 4091 588 4127 esser
605 4074 704 4127 citiore
722 4072 823 4126 dooeno
843 4071 905 4125 dire
922 4071 953 4144 (e
972 4071 991 4125 il
1008 4072 1136 4127 ltienzoni
1154 4089 1209 4126 non
1228 4071 1255 4126 lo
1273 4073 1366 4128 nomi-

297 4167 391 4231 nave):
411 4162 574 4232 Napoteone
601 4165 642 4234 sia.
662 4163 726 4217 Coei
746 4163 806 4216 dico
835 4161 870 4215 io.
890 4161 947 4216 Che
976 4167 1075 4218 cosae
1103 4162 1365 4235 0110010ῳὶ11Βί-

298 4253 436 4321 pendendo
457 4252 493 4307 dn
507 4256 651 4323 passione,
670 4256 734 4308 eard
751 4251 855 4321 meglio
874 4252 933 4307 dire
951 4254 1008 4306 etta
1027 4270 1044 4307 0
1070 4270 1138 4307 esee.
1158 4253 1205 4307 Me
1227 4251 1269 4307 ne’
1279 4254 1367 4311 codici

299 4344 391 4397 della,
