<?xml version="1.0" encoding="UTF-8"?>
<!DOCTYPE html PUBLIC "-//W3C//DTD XHTML 1.0 Transitional//EN"
    "http://www.w3.org/TR/xhtml1/DTD/xhtml1-transitional.dtd">
<html xmlns="http://www.w3.org/1999/xhtml" xml:lang="en" lang="en">
 <head>
  <title>
</title>
<meta http-equiv="Content-Type" content="text/html;charset=utf-8" />
  <meta name='ocr-system' content='tesseract 3.04.00' />
  <meta name='ocr-capabilities' content='ocr_page ocr_carea ocr_par ocr_line ocrx_word'/>
</head>
<body>
  <div class='ocr_page' id='page_1' title='image "./delledonnefamos00albagoog_0299.png"; bbox 0 0 3270 5182; ppageno 0'>
   <div class='ocr_carea' id='block_1_1' title="bbox 710 627 910 694">
    <p class='ocr_par' dir='ltr' id='par_1_1' title="bbox 710 627 910 694">
     <span class='ocr_line' id='line_1_1' title="bbox 710 627 910 694; baseline -0.005 0"><span class='ocrx_word' id='word_1_1' title='bbox 710 627 910 694; x_wconf 82' lang='lat'>-214-</span> 
     </span>
    </p>
   </div>
   <div class='ocr_carea' id='block_1_2' title="bbox 273 749 1349 2026">
    <p class='ocr_par' dir='ltr' id='par_1_2' title="bbox 273 749 1349 2026">
     <span class='ocr_line' id='line_1_2' title="bbox 279 749 1343 838; baseline 0 -19"><span class='ocrx_word' id='word_1_2' title='bbox 279 771 398 819; x_wconf 90' lang='lat' dir='ltr'>carae</span> <span class='ocrx_word' id='word_1_3' title='bbox 421 749 610 820; x_wconf 79' lang='lat' dir='ltr'>dilettevole</span> <span class='ocrx_word' id='word_1_4' title='bbox 631 769 652 816; x_wconf 91' lang='lat' dir='ltr'>a</span> <span class='ocrx_word' id='word_1_5' title='bbox 674 769 710 816; x_wconf 87' lang='lat' dir='ltr'>se</span> <span class='ocrx_word' id='word_1_6' title='bbox 743 770 779 816; x_wconf 91' lang='lat' dir='ltr'>se</span> <span class='ocrx_word' id='word_1_7' title='bbox 802 770 868 817; x_wconf 89' lang='lat' dir='ltr'>non</span> <span class='ocrx_word' id='word_1_8' title='bbox 897 749 1015 836; x_wconf 86' lang='lat' dir='ltr'>quella.</span> <span class='ocrx_word' id='word_1_9' title='bbox 1040 751 1066 817; x_wconf 85' lang='lat' dir='ltr'><strong>E</strong></span> <span class='ocrx_word' id='word_1_10' title='bbox 1089 755 1173 828; x_wconf 86' lang='lat' dir='ltr'>cosi,</span> <span class='ocrx_word' id='word_1_11' title='bbox 1199 752 1267 838; x_wconf 81' lang='lat' dir='ltr'>egli</span> <span class='ocrx_word' id='word_1_12' title='bbox 1289 753 1343 818; x_wconf 92' lang='lat' dir='ltr'>in·</span> 
     </span>
     <span class='ocr_line' id='line_1_3' title="bbox 278 857 1345 947; baseline 0.003 -22"><span class='ocrx_word' id='word_1_13' title='bbox 278 858 382 939; x_wconf 83' lang='lat' dir='ltr'>selice,</span> <span class='ocrx_word' id='word_1_14' title='bbox 406 859 529 926; x_wconf 90' lang='lat' dir='ltr'>nsando</span> <span class='ocrx_word' id='word_1_15' title='bbox 552 878 613 924; x_wconf 92' lang='lat' dir='ltr'>con</span> <span class='ocrx_word' id='word_1_16' title='bbox 636 878 709 924; x_wconf 88' lang='lat' dir='ltr'>essa</span> <span class='ocrx_word' id='word_1_17' title='bbox 731 857 975 946; x_wconf 47' lang='lat' dir='ltr'>(iijscntcncm</span> <span class='ocrx_word' id='word_1_18' title='bbox 1005 858 1156 926; x_wconf 82' lang='lat' dir='ltr'>Cornelio</span> <span class='ocrx_word' id='word_1_19' title='bbox 1195 860 1345 947; x_wconf 83' lang='lat' dir='ltr'>Scipione</span> 
     </span>
     <span class='ocr_line' id='line_1_4' title="bbox 279 956 1346 1062; baseline -0.001 -25"><span class='ocrx_word' id='word_1_20' title='bbox 279 969 313 1037; x_wconf 92' lang='lat' dir='ltr'>di</span> <span class='ocrx_word' id='word_1_21' title='bbox 336 970 444 1038; x_wconf 89' lang='lat' dir='ltr'>Sicilia</span> <span class='ocrx_word' id='word_1_22' title='bbox 467 970 501 1035; x_wconf 90' lang='lat' dir='ltr'>in</span> <span class='ocrx_word' id='word_1_23' title='bbox 523 967 636 1036; x_wconf 81' lang='lat' dir='ltr'>Africa</span> <span class='ocrx_word' id='word_1_24' title='bbox 660 987 721 1034; x_wconf 93' lang='lat' dir='ltr'>con</span> <span class='ocrx_word' id='word_1_25' title='bbox 744 968 765 1034; x_wconf 87' lang='lat' dir='ltr'>l’</span> <span class='ocrx_word' id='word_1_26' title='bbox 780 972 850 1036; x_wconf 85' lang='lat' dir='ltr'>oste</span> <span class='ocrx_word' id='word_1_27' title='bbox 873 969 969 1034; x_wconf 75' lang='lat' dir='ltr'>noter</span> <span class='ocrx_word' id='word_1_28' title='bbox 992 956 1223 1062; x_wconf 65' lang='lat' dir='ltr'>parscrcoe),</span> <span class='ocrx_word' id='word_1_29' title='bbox 1247 967 1346 1036; x_wconf 90' lang='lat' dir='ltr'>Solo·</span> 
     </span>
     <span class='ocr_line' id='line_1_5' title="bbox 273 1075 1345 1164; baseline -0.002 -20"><span class='ocrx_word' id='word_1_30' title='bbox 273 1075 382 1156; x_wconf 77' lang='lat' dir='ltr'>misia,</span> <span class='ocrx_word' id='word_1_31' title='bbox 405 1075 580 1144; x_wconf 83' lang='lat' dir='ltr'>informata</span> <span class='ocrx_word' id='word_1_32' title='bbox 602 1076 644 1142; x_wconf 87' lang='lat' dir='ltr'>da</span> <span class='ocrx_word' id='word_1_33' title='bbox 666 1075 864 1153; x_wconf 69' lang='lat' dir='ltr'>Asdrubale·</span> <span class='ocrx_word' id='word_1_34' title='bbox 887 1095 947 1141; x_wconf 91' lang='lat' dir='ltr'>con</span> <span class='ocrx_word' id='word_1_35' title='bbox 971 1076 1123 1162; x_wconf 83' lang='lat' dir='ltr'>lusinghe</span> <span class='ocrx_word' id='word_1_36' title='bbox 1154 1097 1172 1143; x_wconf 93' lang='lat' dir='ltr'>e</span> <span class='ocrx_word' id='word_1_37' title='bbox 1206 1077 1345 1164; x_wconf 88' lang='lat' dir='ltr'>prieghi,</span> 
     </span>
     <span class='ocr_line' id='line_1_6' title="bbox 280 1180 1346 1262; baseline -0.003 -9"><span class='ocrx_word' id='word_1_38' title='bbox 280 1190 387 1253; x_wconf 84' lang='lat' dir='ltr'>trasse</span> <span class='ocrx_word' id='word_1_39' title='bbox 411 1189 505 1252; x_wconf 84' lang='lat' dir='ltr'>tanto</span> <span class='ocrx_word' id='word_1_40' title='bbox 528 1203 548 1248; x_wconf 91' lang='lat' dir='ltr'>a</span> <span class='ocrx_word' id='word_1_41' title='bbox 571 1184 642 1248; x_wconf 91' lang='lat' dir='ltr'>suoi</span> <span class='ocrx_word' id='word_1_42' title='bbox 665 1180 817 1249; x_wconf 90' lang='lat' dir='ltr'>desiderii</span> <span class='ocrx_word' id='word_1_43' title='bbox 840 1183 861 1249; x_wconf 87' lang='lat'>1’</span> <span class='ocrx_word' id='word_1_44' title='bbox 873 1185 982 1249; x_wconf 90' lang='lat' dir='ltr'>animo</span> <span class='ocrx_word' id='word_1_45' title='bbox 997 1183 1030 1248; x_wconf 88' lang='lat' dir='ltr'>di</span> <span class='ocrx_word' id='word_1_46' title='bbox 1053 1181 1169 1262; x_wconf 85' lang='lat' dir='ltr'>Silene,</span> <span class='ocrx_word' id='word_1_47' title='bbox 1193 1183 1265 1262; x_wconf 89' lang='lat' dir='ltr'>che,</span> <span class='ocrx_word' id='word_1_48' title='bbox 1280 1203 1346 1251; x_wconf 91' lang='lat' dir='ltr'>non</span> 
     </span>
     <span class='ocr_line' id='line_1_7' title="bbox 279 1289 1347 1377; baseline 0 -19"><span class='ocrx_word' id='word_1_49' title='bbox 279 1292 459 1359; x_wconf 80' lang='lat' dir='ltr'>solamente</span> <span class='ocrx_word' id='word_1_50' title='bbox 483 1290 549 1377; x_wconf 81' lang='lat' dir='ltr'>egli</span> <span class='ocrx_word' id='word_1_51' title='bbox 571 1289 764 1356; x_wconf 88' lang='lat' dir='ltr'>abbandorid</span> <span class='ocrx_word' id='word_1_52' title='bbox 787 1291 798 1354; x_wconf 95' lang='lat' dir='ltr'>i</span> <span class='ocrx_word' id='word_1_53' title='bbox 823 1290 970 1367; x_wconf 84' lang='lat' dir='ltr'>Romani,</span> <span class='ocrx_word' id='word_1_54' title='bbox 993 1290 1024 1355; x_wconf 87' lang='lat' dir='ltr'>a’</span> <span class='ocrx_word' id='word_1_55' title='bbox 1038 1291 1126 1375; x_wconf 90' lang='lat' dir='ltr'>quali</span> <span class='ocrx_word' id='word_1_56' title='bbox 1148 1291 1214 1377; x_wconf 83' lang='lat' dir='ltr'>egli</span> <span class='ocrx_word' id='word_1_57' title='bbox 1237 1311 1347 1361; x_wconf 88' lang='lat' dir='ltr'>aveva</span> 
     </span>
     <span class='ocr_line' id='line_1_8' title="bbox 282 1393 1348 1487; baseline 0.001 -22"><span class='ocrx_word' id='word_1_58' title='bbox 282 1418 448 1487; x_wconf 88' lang='lat' dir='ltr'>promesso</span> <span class='ocrx_word' id='word_1_59' title='bbox 471 1415 608 1465; x_wconf 90' lang='lat' dir='ltr'>servare</span> <span class='ocrx_word' id='word_1_60' title='bbox 631 1393 712 1474; x_wconf 82' lang='lat' dir='ltr'>sede,</span> <span class='ocrx_word' id='word_1_61' title='bbox 736 1417 755 1464; x_wconf 93' lang='lat' dir='ltr'>e</span> <span class='ocrx_word' id='word_1_62' title='bbox 778 1398 967 1485; x_wconf 80' lang='lat' dir='ltr'>oggiunsesi</span> <span class='ocrx_word' id='word_1_63' title='bbox 990 1397 1022 1464; x_wconf 92' lang='lat' dir='ltr'>ai</span> <span class='ocrx_word' id='word_1_64' title='bbox 1046 1395 1271 1487; x_wconf 82' lang='lat' dir='ltr'>Cartaginesi;</span> <span class='ocrx_word' id='word_1_65' title='bbox 1294 1418 1348 1466; x_wconf 89' lang='lat' dir='ltr'>ma</span> 
     </span>
     <span class='ocr_line' id='line_1_9' title="bbox 283 1503 1349 1595; baseline -0.005 -16"><span class='ocrx_word' id='word_1_66' title='bbox 283 1507 577 1579; x_wconf 86' lang='lat' dir='ltr'>volontariamente</span> <span class='ocrx_word' id='word_1_67' title='bbox 601 1503 698 1572; x_wconf 87' lang='lat' dir='ltr'>lecesi</span> <span class='ocrx_word' id='word_1_68' title='bbox 720 1506 864 1593; x_wconf 82' lang='lat' dir='ltr'>principe</span> <span class='ocrx_word' id='word_1_69' title='bbox 888 1507 918 1573; x_wconf 87' lang='lat' dir='ltr'>d&#39;</span> <span class='ocrx_word' id='word_1_70' title='bbox 932 1505 1019 1573; x_wconf 88' lang='lat' dir='ltr'>altra</span> <span class='ocrx_word' id='word_1_71' title='bbox 1052 1526 1175 1595; x_wconf 76' lang='lat' dir='ltr'>guerra</span> <span class='ocrx_word' id='word_1_72' title='bbox 1198 1507 1255 1595; x_wconf 89' lang='lat'>(3).</span> <span class='ocrx_word' id='word_1_73' title='bbox 1280 1509 1349 1576; x_wconf 88' lang='lat' dir='ltr'>Per</span> 
     </span>
     <span class='ocr_line' id='line_1_10' title="bbox 282 1612 1349 1704; baseline 0.001 -21"><span class='ocrx_word' id='word_1_74' title='bbox 282 1617 315 1684; x_wconf 91' lang='lat' dir='ltr'>ia</span> <span class='ocrx_word' id='word_1_75' title='bbox 338 1616 434 1704; x_wconf 88' lang='lat' dir='ltr'>quale</span> <span class='ocrx_word' id='word_1_76' title='bbox 456 1616 592 1704; x_wconf 86' lang='lat' dir='ltr'>ragione</span> <span class='ocrx_word' id='word_1_77' title='bbox 614 1612 671 1702; x_wconf 80' lang='grc'>(4),</span> <span class='ocrx_word' id='word_1_78' title='bbox 690 1618 885 1683; x_wconf 87' lang='lat' dir='ltr'>sottomessa</span> <span class='ocrx_word' id='word_1_79' title='bbox 907 1618 939 1683; x_wconf 88' lang='lat' dir='ltr'>la</span> <span class='ocrx_word' id='word_1_80' title='bbox 962 1615 1034 1683; x_wconf 84' lang='lat' dir='ltr'>sede</span> <span class='ocrx_word' id='word_1_81' title='bbox 1057 1615 1122 1683; x_wconf 89' lang='lat' dir='ltr'>alia</span> <span class='ocrx_word' id='word_1_82' title='bbox 1145 1615 1291 1704; x_wconf 84' lang='lat' dir='ltr'>perfidia,</span> <span class='ocrx_word' id='word_1_83' title='bbox 1314 1616 1349 1684; x_wconf 91' lang='lat' dir='ltr'>ia</span> 
     </span>
     <span class='ocr_line' id='line_1_11' title="bbox 283 1723 1349 1811; baseline 0 -20"><span class='ocrx_word' id='word_1_84' title='bbox 283 1724 378 1811; x_wconf 91' lang='lat' dir='ltr'>quale</span> <span class='ocrx_word' id='word_1_85' title='bbox 400 1724 473 1791; x_wconf 83' lang='lat' dir='ltr'>sede</span> <span class='ocrx_word' id='word_1_86' title='bbox 496 1723 544 1810; x_wconf 86' lang='grc'>(5)</span> <span class='ocrx_word' id='word_1_87' title='bbox 559 1723 626 1810; x_wconf 79' lang='lat' dir='ltr'>egli</span> <span class='ocrx_word' id='word_1_88' title='bbox 648 1742 728 1809; x_wconf 91' lang='lat' dir='ltr'>poco</span> <span class='ocrx_word' id='word_1_89' title='bbox 751 1725 881 1791; x_wconf 85' lang='lat' dir='ltr'>innanzi</span> <span class='ocrx_word' id='word_1_90' title='bbox 904 1744 1013 1794; x_wconf 82' lang='lat' dir='ltr'>aveva</span> <span class='ocrx_word' id='word_1_91' title='bbox 1036 1744 1204 1810; x_wconf 89' lang='lat' dir='ltr'>promessa</span> <span class='ocrx_word' id='word_1_92' title='bbox 1226 1745 1248 1791; x_wconf 89' lang='lat' dir='ltr'>a</span> <span class='ocrx_word' id='word_1_93' title='bbox 1271 1725 1349 1793; x_wconf 89' lang='lat' dir='ltr'>Sci-</span> 
     </span>
     <span class='ocr_line' id='line_1_12' title="bbox 283 1831 1349 1928; baseline 0.001 -30"><span class='ocrx_word' id='word_1_94' title='bbox 283 1835 388 1919; x_wconf 91' lang='lat' dir='ltr'>pione,</span> <span class='ocrx_word' id='word_1_95' title='bbox 404 1831 541 1899; x_wconf 90' lang='lat' dir='ltr'>essendo</span> <span class='ocrx_word' id='word_1_96' title='bbox 564 1832 610 1898; x_wconf 90' lang='lat' dir='ltr'>lui</span> <span class='ocrx_word' id='word_1_97' title='bbox 625 1832 658 1896; x_wconf 90' lang='lat' dir='ltr'>in</span> <span class='ocrx_word' id='word_1_98' title='bbox 680 1851 756 1897; x_wconf 87' lang='lat' dir='ltr'>casa</span> <span class='ocrx_word' id='word_1_99' title='bbox 772 1852 842 1910; x_wconf 88' lang='lat' dir='ltr'>sua,</span> <span class='ocrx_word' id='word_1_100' title='bbox 860 1834 989 1899; x_wconf 86' lang='lat' dir='ltr'>innanzi</span> <span class='ocrx_word' id='word_1_101' title='bbox 1005 1833 1064 1928; x_wconf 84' lang='lat' dir='ltr'>che</span> <span class='ocrx_word' id='word_1_102' title='bbox 1081 1832 1230 1919; x_wconf 87' lang='lat' dir='ltr'>Scipione</span> <span class='ocrx_word' id='word_1_103' title='bbox 1245 1834 1349 1920; x_wconf 88' lang='lat' dir='ltr'>ginn-</span> 
     </span>
     <span class='ocr_line' id='line_1_13' title="bbox 283 1937 1349 2026; baseline 0.001 -21"><span class='ocrx_word' id='word_1_104' title='bbox 283 1958 379 2026; x_wconf 84' lang='lat' dir='ltr'>gesse</span> <span class='ocrx_word' id='word_1_105' title='bbox 401 1940 435 2003; x_wconf 91' lang='lat' dir='ltr'>in</span> <span class='ocrx_word' id='word_1_106' title='bbox 458 1937 570 2004; x_wconf 84' lang='lat' dir='ltr'>Africa</span> <span class='ocrx_word' id='word_1_107' title='bbox 593 1937 650 2025; x_wconf 89' lang='grc'>(6),</span> <span class='ocrx_word' id='word_1_108' title='bbox 675 1938 894 2025; x_wconf 80' lang='lat' dir='ltr'>intendissegli</span> <span class='ocrx_word' id='word_1_109' title='bbox 917 1959 976 2026; x_wconf 88' lang='lat' dir='ltr'>per</span> <span class='ocrx_word' id='word_1_110' title='bbox 999 1940 1117 2007; x_wconf 89' lang='lat' dir='ltr'>lettere</span> <span class='ocrx_word' id='word_1_111' title='bbox 1139 1941 1172 2006; x_wconf 90' lang='lat' dir='ltr'>la</span> <span class='ocrx_word' id='word_1_112' title='bbox 1199 1958 1259 2005; x_wconf 90' lang='lat' dir='ltr'>sua</span> <span class='ocrx_word' id='word_1_113' title='bbox 1284 1959 1349 2007; x_wconf 89' lang='lat' dir='ltr'>an·</span> 
     </span>
    </p>
   </div>
   <div class='ocr_carea' id='block_1_3' title="bbox 147 2044 1350 2132">
    <p class='ocr_par' dir='ltr' id='par_1_3' title="bbox 147 2044 1350 2132">
     <span class='ocr_line' id='line_1_14' title="bbox 147 2044 1350 2132; baseline 0.002 -22"><span class='ocrx_word' id='word_1_114' title='bbox 147 2093 151 2100; x_wconf 83' lang='lat'>.</span> <span class='ocrx_word' id='word_1_115' title='bbox 242 2112 244 2116; x_wconf 77' lang='grc'><strong>,</strong></span> <span class='ocrx_word' id='word_1_116' title='bbox 283 2044 370 2112; x_wconf 85' lang='lat' dir='ltr'>data.</span> <span class='ocrx_word' id='word_1_117' title='bbox 395 2046 455 2110; x_wconf 91' lang='lat' dir='ltr'>Poi</span> <span class='ocrx_word' id='word_1_118' title='bbox 479 2045 637 2130; x_wconf 88' lang='lat' dir='ltr'>Scipione,</span> <span class='ocrx_word' id='word_1_119' title='bbox 662 2046 793 2130; x_wconf 83' lang='lat' dir='ltr'>giovine</span> <span class='ocrx_word' id='word_1_120' title='bbox 817 2046 849 2111; x_wconf 96' lang='lat' dir='ltr'>di</span> <span class='ocrx_word' id='word_1_121' title='bbox 872 2047 1088 2132; x_wconf 82' lang='lat' dir='ltr'>grandissimo</span> <span class='ocrx_word' id='word_1_122' title='bbox 1111 2049 1237 2124; x_wconf 89' lang='lat' dir='ltr'>animo,</span> <span class='ocrx_word' id='word_1_123' title='bbox 1261 2047 1350 2113; x_wconf 91' lang='lat' dir='ltr'>dan-</span> 
     </span>
    </p>
   </div>
   <div class='ocr_carea' id='block_1_4' title="bbox 284 2150 1351 2559">
    <p class='ocr_par' dir='ltr' id='par_1_4' title="bbox 284 2150 1351 2559">
     <span class='ocr_line' id='line_1_15' title="bbox 284 2150 1351 2239; baseline 0.003 -23"><span class='ocrx_word' id='word_1_124' title='bbox 284 2156 363 2217; x_wconf 87' lang='lat' dir='ltr'>nata</span> <span class='ocrx_word' id='word_1_125' title='bbox 393 2151 426 2215; x_wconf 89' lang='lat' dir='ltr'>la</span> <span class='ocrx_word' id='word_1_126' title='bbox 456 2152 636 2236; x_wconf 78' lang='lat' dir='ltr'>malvagitt</span> <span class='ocrx_word' id='word_1_127' title='bbox 667 2151 719 2216; x_wconf 92' lang='lat' dir='ltr'>del</span> <span class='ocrx_word' id='word_1_128' title='bbox 753 2150 895 2218; x_wconf 90' lang='lat' dir='ltr'>barbaro</span> <span class='ocrx_word' id='word_1_129' title='bbox 919 2172 973 2230; x_wconf 92' lang='lat' dir='ltr'>re,</span> <span class='ocrx_word' id='word_1_130' title='bbox 998 2157 1091 2238; x_wconf 89' lang='lat' dir='ltr'>posto</span> <span class='ocrx_word' id='word_1_131' title='bbox 1114 2153 1159 2239; x_wconf 81' lang='grc'>(7)</span> <span class='ocrx_word' id='word_1_132' title='bbox 1190 2155 1222 2217; x_wconf 90' lang='lat' dir='ltr'>in</span> <span class='ocrx_word' id='word_1_133' title='bbox 1256 2157 1351 2219; x_wconf 87' lang='lat' dir='ltr'>terra</span> 
     </span>
     <span class='ocr_line' id='line_1_16' title="bbox 284 2254 1351 2344; baseline 0.004 -24"><span class='ocrx_word' id='word_1_134' title='bbox 284 2257 390 2322; x_wconf 87' lang='lat' dir='ltr'>l&#39;oste</span> <span class='ocrx_word' id='word_1_135' title='bbox 414 2275 478 2321; x_wconf 91' lang='lat' dir='ltr'>non</span> <span class='ocrx_word' id='word_1_136' title='bbox 501 2254 601 2322; x_wconf 87' lang='lat' dir='ltr'>molto</span> <span class='ocrx_word' id='word_1_137' title='bbox 624 2255 715 2341; x_wconf 84' lang='lat' dir='ltr'>iungi</span> <span class='ocrx_word' id='word_1_138' title='bbox 739 2255 781 2322; x_wconf 91' lang='lat' dir='ltr'>da</span> <span class='ocrx_word' id='word_1_139' title='bbox 811 2257 1005 2344; x_wconf 77' lang='lat' dir='ltr'>cartagine,</span> <span class='ocrx_word' id='word_1_140' title='bbox 1029 2259 1121 2326; x_wconf 90' lang='lat' dir='ltr'>vinse</span> <span class='ocrx_word' id='word_1_141' title='bbox 1144 2257 1271 2342; x_wconf 87' lang='lat' dir='ltr'>quello,</span> <span class='ocrx_word' id='word_1_142' title='bbox 1294 2260 1351 2324; x_wconf 91' lang='lat' dir='ltr'>in-</span> 
     </span>
     <span class='ocr_line' id='line_1_17' title="bbox 284 2362 1351 2453; baseline 0.003 -24"><span class='ocrx_word' id='word_1_143' title='bbox 284 2363 379 2429; x_wconf 85' lang='lat' dir='ltr'>nanzi</span> <span class='ocrx_word' id='word_1_144' title='bbox 401 2363 455 2428; x_wconf 88' lang='lat' dir='ltr'>all’</span> <span class='ocrx_word' id='word_1_145' title='bbox 468 2362 553 2449; x_wconf 82' lang='lat' dir='ltr'>altre</span> <span class='ocrx_word' id='word_1_146' title='bbox 576 2381 661 2440; x_wconf 88' lang='lat' dir='ltr'>cose,</span> <span class='ocrx_word' id='word_1_147' title='bbox 686 2382 744 2448; x_wconf 90' lang='lat' dir='ltr'>per</span> <span class='ocrx_word' id='word_1_148' title='bbox 768 2365 956 2431; x_wconf 82' lang='lat' dir='ltr'>Massinissa</span> <span class='ocrx_word' id='word_1_149' title='bbox 980 2385 1016 2432; x_wconf 88' lang='lat' dir='ltr'>re</span> <span class='ocrx_word' id='word_1_150' title='bbox 1039 2384 1098 2431; x_wconf 89' lang='lat' dir='ltr'>suo</span> <span class='ocrx_word' id='word_1_151' title='bbox 1121 2383 1351 2453; x_wconf 81' lang='lat' dir='ltr'>compagno,e</span> 
     </span>
     <span class='ocr_line' id='line_1_18' title="bbox 285 2470 1351 2559; baseline 0.004 -23"><span class='ocrx_word' id='word_1_152' title='bbox 285 2470 376 2537; x_wconf 90' lang='lat' dir='ltr'>Lelio</span> <span class='ocrx_word' id='word_1_153' title='bbox 399 2490 458 2537; x_wconf 90' lang='lat' dir='ltr'>suo</span> <span class='ocrx_word' id='word_1_154' title='bbox 481 2471 602 2556; x_wconf 82' lang='lat' dir='ltr'>legato.</span> <span class='ocrx_word' id='word_1_155' title='bbox 619 2471 687 2535; x_wconf 88' lang='lat' dir='ltr'>Per</span> <span class='ocrx_word' id='word_1_156' title='bbox 708 2470 731 2536; x_wconf 91' lang='lat' dir='ltr'>li</span> <span class='ocrx_word' id='word_1_157' title='bbox 746 2472 834 2556; x_wconf 90' lang='lat' dir='ltr'>quali</span> <span class='ocrx_word' id='word_1_158' title='bbox 850 2471 906 2559; x_wconf 88' lang='grc'>(8),</span> <span class='ocrx_word' id='word_1_159' title='bbox 919 2472 1047 2541; x_wconf 84' lang='lat' dir='ltr'>avendo</span> <span class='ocrx_word' id='word_1_160' title='bbox 1063 2472 1171 2558; x_wconf 85' lang='lat' dir='ltr'>eglino</span> <span class='ocrx_word' id='word_1_161' title='bbox 1194 2470 1351 2540; x_wconf 84' lang='lat' dir='ltr'>scondtto</span> 
     </span>
    </p>
   </div>
   <div class='ocr_carea' id='block_1_5' title="bbox 262 2576 1353 2679">
    <p class='ocr_par' dir='ltr' id='par_1_5' title="bbox 262 2576 1353 2683">
     <span class='ocr_line' id='line_1_19' title="bbox 262 2576 1353 2679; baseline 0.005 -38"><span class='ocrx_word' id='word_1_162' title='bbox 262 2576 306 2679; x_wconf 64' lang='lat' dir='ltr'>¹il</span> <span class='ocrx_word' id='word_1_163' title='bbox 329 2596 390 2643; x_wconf 90' lang='lat' dir='ltr'>sno</span> <span class='ocrx_word' id='word_1_164' title='bbox 413 2581 494 2655; x_wconf 89' lang='lat' dir='ltr'>oste,</span> <span class='ocrx_word' id='word_1_165' title='bbox 511 2576 546 2642; x_wconf 88' lang='lat' dir='ltr'>iu</span> <span class='ocrx_word' id='word_1_166' title='bbox 569 2596 666 2663; x_wconf 82' lang='lat' dir='ltr'>prese</span> <span class='ocrx_word' id='word_1_167' title='bbox 689 2599 708 2644; x_wconf 92' lang='lat' dir='ltr'>e</span> <span class='ocrx_word' id='word_1_168' title='bbox 732 2578 888 2666; x_wconf 70' lang='lat' dir='ltr'>legatae</span> <span class='ocrx_word' id='word_1_169' title='bbox 911 2578 945 2645; x_wconf 87' lang='lat' dir='ltr'>iu</span> <span class='ocrx_word' id='word_1_170' title='bbox 969 2583 1100 2647; x_wconf 88' lang='lat' dir='ltr'>menate</span> <span class='ocrx_word' id='word_1_171' title='bbox 1122 2578 1251 2646; x_wconf 84' lang='lat' dir='ltr'>aGirta</span> <span class='ocrx_word' id='word_1_172' title='bbox 1270 2580 1353 2647; x_wconf 76' lang='lat' dir='ltr'>citra</span> 
     </span>
    </p>
   </div>
   <div class='ocr_carea' id='block_1_6' title="bbox 283 2870 1357 4368">
    <p class='ocr_par' dir='ltr' id='par_1_6' title="bbox 283 2870 1353 3127">
     <span class='ocr_line' id='line_1_20' title="bbox 355 2870 1353 2949; baseline 0 -21"><span class='ocrx_word' id='word_1_173' title='bbox 355 2874 393 2949; x_wconf 87' lang='lat' dir='ltr'>(l)</span> <span class='ocrx_word' id='word_1_174' title='bbox 412 2873 450 2929; x_wconf 86' lang='lat' dir='ltr'>Le</span> <span class='ocrx_word' id='word_1_175' title='bbox 467 2874 613 2929; x_wconf 89' lang='lat' dir='ltr'>concordia</span> <span class='ocrx_word' id='word_1_176' title='bbox 630 2874 657 2928; x_wconf 91' lang='lat' dir='ltr'>di</span> <span class='ocrx_word' id='word_1_177' title='bbox 677 2873 741 2928; x_wconf 87' lang='lat' dir='ltr'>tutti</span> <span class='ocrx_word' id='word_1_178' title='bbox 759 2872 769 2926; x_wconf 87' lang='lat' dir='ltr'>i</span> <span class='ocrx_word' id='word_1_179' title='bbox 787 2872 874 2927; x_wconf 92' lang='lat' dir='ltr'>codici</span> <span class='ocrx_word' id='word_1_180' title='bbox 893 2873 920 2926; x_wconf 84' lang='lat' dir='ltr'>ia</span> <span class='ocrx_word' id='word_1_181' title='bbox 940 2870 998 2927; x_wconf 80' lang='lat' dir='ltr'>fede</span> <span class='ocrx_word' id='word_1_182' title='bbox 1025 2872 1074 2928; x_wconf 86' lang='lat' dir='ltr'>che</span> <span class='ocrx_word' id='word_1_183' title='bbox 1102 2875 1148 2945; x_wconf 89' lang='lat' dir='ltr'>qui</span> <span class='ocrx_word' id='word_1_184' title='bbox 1167 2874 1185 2927; x_wconf 87' lang='lat' dir='ltr'>l’</span> <span class='ocrx_word' id='word_1_185' title='bbox 1198 2873 1353 2929; x_wconf 81' lang='lat' dir='ltr'>Albanasni</span> 
     </span>
     <span class='ocr_line' id='line_1_21' title="bbox 285 2962 1353 3037; baseline -0.001 -16"><span class='ocrx_word' id='word_1_186' title='bbox 285 2966 403 3021; x_wconf 82' lang='lat' dir='ltr'>irnntese</span> <span class='ocrx_word' id='word_1_187' title='bbox 421 2965 441 3020; x_wconf 92' lang='lat' dir='ltr'>ii</span> <span class='ocrx_word' id='word_1_188' title='bbox 461 2969 539 3032; x_wconf 86' lang='lat' dir='ltr'>testo,</span> <span class='ocrx_word' id='word_1_189' title='bbox 552 2965 572 3018; x_wconf 94' lang='lat' dir='ltr'>il</span> <span class='ocrx_word' id='word_1_190' title='bbox 591 2963 671 3036; x_wconf 86' lang='lat' dir='ltr'>qunle</span> <span class='ocrx_word' id='word_1_191' title='bbox 688 2967 703 3018; x_wconf 77' lang='lat' dir='ltr'>e</span> <span class='ocrx_word' id='word_1_192' title='bbox 722 2962 906 3031; x_wconf 77' lang='lat' dir='ltr'>chiarissimo,</span> <span class='ocrx_word' id='word_1_193' title='bbox 925 2971 949 3016; x_wconf 81' lang='lat' dir='ltr'>et</span> <span class='ocrx_word' id='word_1_194' title='bbox 966 2965 1003 3018; x_wconf 84' lang='lat' dir='ltr'>sic</span> <span class='ocrx_word' id='word_1_195' title='bbox 1017 2963 1085 3018; x_wconf 86' lang='lat' dir='ltr'>dum</span> <span class='ocrx_word' id='word_1_196' title='bbox 1104 2971 1229 3019; x_wconf 61' lang='lat' dir='ltr'>ureretur</span> <span class='ocrx_word' id='word_1_197' title='bbox 1242 2966 1353 3037; x_wconf 66' lang='lat' dir='ltr'>asseria,</span> 
     </span>
     <span class='ocr_line' id='line_1_22' title="bbox 283 3053 915 3127; baseline -0.005 -16"><span class='ocrx_word' id='word_1_198' title='bbox 283 3057 416 3127; x_wconf 79' lang='lat' dir='ltr'>leggenda</span> <span class='ocrx_word' id='word_1_199' title='bbox 435 3062 562 3123; x_wconf 77' lang='lat' dir='ltr'>uteretur,</span> <span class='ocrx_word' id='word_1_200' title='bbox 581 3055 631 3109; x_wconf 92' lang='lat' dir='ltr'>che</span> <span class='ocrx_word' id='word_1_201' title='bbox 653 3058 668 3109; x_wconf 81' lang='lat' dir='ltr'>e</span> <span class='ocrx_word' id='word_1_202' title='bbox 687 3054 757 3110; x_wconf 88' lang='lat' dir='ltr'>luori</span> <span class='ocrx_word' id='word_1_203' title='bbox 776 3055 804 3108; x_wconf 92' lang='lat' dir='ltr'>di</span> <span class='ocrx_word' id='word_1_204' title='bbox 822 3053 915 3122; x_wconf 70' lang='lat' dir='ltr'>luogoe</span> 
     </span>
    </p>

    <p class='ocr_par' dir='ltr' id='par_1_7' title="bbox 283 3144 1354 3399">
     <span class='ocr_line' id='line_1_23' title="bbox 356 3144 1354 3218; baseline 0.002 -17"><span class='ocrx_word' id='word_1_205' title='bbox 356 3148 395 3217; x_wconf 80' lang='grc'>(2)</span> <span class='ocrx_word' id='word_1_206' title='bbox 413 3145 450 3201; x_wconf 83' lang='lat' dir='ltr'>Le</span> <span class='ocrx_word' id='word_1_207' title='bbox 468 3146 560 3218; x_wconf 87' lang='lat' dir='ltr'>parole</span> <span class='ocrx_word' id='word_1_208' title='bbox 578 3150 649 3201; x_wconf 85' lang='lat' dir='ltr'>sotto</span> <span class='ocrx_word' id='word_1_209' title='bbox 668 3145 768 3200; x_wconf 84' lang='lat' dir='ltr'>lineata</span> <span class='ocrx_word' id='word_1_210' title='bbox 786 3161 918 3199; x_wconf 89' lang='lat' dir='ltr'>mnncnno</span> <span class='ocrx_word' id='word_1_211' title='bbox 936 3145 962 3199; x_wconf 87' lang='lat' dir='ltr'>al</span> <span class='ocrx_word' id='word_1_212' title='bbox 982 3144 1264 3214; x_wconf 82' lang='lat' dir='ltr'>volgarizmmentc‚e</span> <span class='ocrx_word' id='word_1_213' title='bbox 1282 3164 1354 3203; x_wconf 83' lang='lat' dir='ltr'>sono</span> 
     </span>
     <span class='ocr_line' id='line_1_24' title="bbox 284 3235 1354 3309; baseline -0.002 -15"><span class='ocrx_word' id='word_1_214' title='bbox 284 3238 411 3294; x_wconf 83' lang='lat' dir='ltr'>richieste</span> <span class='ocrx_word' id='word_1_215' title='bbox 430 3238 474 3292; x_wconf 86' lang='lat' dir='ltr'>dai</span> <span class='ocrx_word' id='word_1_216' title='bbox 492 3254 572 3293; x_wconf 84' lang='lat' dir='ltr'>senso</span> <span class='ocrx_word' id='word_1_217' title='bbox 591 3254 606 3291; x_wconf 96' lang='lat' dir='ltr'>e</span> <span class='ocrx_word' id='word_1_218' title='bbox 625 3235 669 3291; x_wconf 83' lang='lat' dir='ltr'>dai</span> <span class='ocrx_word' id='word_1_219' title='bbox 688 3236 788 3305; x_wconf 87' lang='lat' dir='ltr'>latino,</span> <span class='ocrx_word' id='word_1_220' title='bbox 805 3244 830 3289; x_wconf 85' lang='lat' dir='ltr'>et</span> <span class='ocrx_word' id='word_1_221' title='bbox 853 3245 995 3307; x_wconf 78' lang='lat' dir='ltr'>appareret</span> <span class='ocrx_word' id='word_1_222' title='bbox 1017 3237 1172 3292; x_wconf 63' lang='lat' dir='ltr'>tornatum</span> <span class='ocrx_word' id='word_1_223' title='bbox 1199 3237 1354 3309; x_wconf 64' lang='lat' dir='ltr'>Scipionem</span> 
     </span>
     <span class='ocr_line' id='line_1_25' title="bbox 283 3325 1071 3399; baseline -0.004 -15"><span class='ocrx_word' id='word_1_224' title='bbox 283 3347 319 3384; x_wconf 76' lang='lat' dir='ltr'>car</span> <span class='ocrx_word' id='word_1_225' title='bbox 337 3330 426 3383; x_wconf 65' lang='lat' dir='ltr'>&amp;oiim</span> <span class='ocrx_word' id='word_1_226' title='bbox 445 3331 475 3382; x_wconf 84' lang='lat' dir='ltr'>in</span> <span class='ocrx_word' id='word_1_227' title='bbox 493 3328 618 3399; x_wconf 81' lang='lat' dir='ltr'>rlsrr&#39;cam</span> <span class='ocrx_word' id='word_1_228' title='bbox 636 3343 698 3380; x_wconf 83' lang='lat' dir='ltr'>cum</span> <span class='ocrx_word' id='word_1_229' title='bbox 715 3325 873 3380; x_wconf 71' lang='lat' dir='ltr'>enercinbur</span> <span class='ocrx_word' id='word_1_230' title='bbox 891 3329 1071 3381; x_wconf 75' lang='lat' dir='ltr'>traa&#39;ecturum.</span> 
     </span>
    </p>

    <p class='ocr_par' dir='ltr' id='par_1_8' title="bbox 285 3416 1355 3581">
     <span class='ocr_line' id='line_1_26' title="bbox 355 3416 1355 3490; baseline 0 -15"><span class='ocrx_word' id='word_1_231' title='bbox 355 3418 394 3490; x_wconf 82' lang='grc'>(3)</span> <span class='ocrx_word' id='word_1_232' title='bbox 412 3419 433 3474; x_wconf 82' lang='lat' dir='ltr'>ii</span> <span class='ocrx_word' id='word_1_233' title='bbox 452 3433 507 3474; x_wconf 90' lang='lat' dir='ltr'>non</span> <span class='ocrx_word' id='word_1_234' title='bbox 525 3417 595 3472; x_wconf 82' lang='lat' dir='ltr'>della</span> <span class='ocrx_word' id='word_1_235' title='bbox 609 3432 714 3488; x_wconf 66' lang='lat' dir='ltr'>pucina</span> <span class='ocrx_word' id='word_1_236' title='bbox 732 3432 784 3472; x_wconf 92' lang='lat' dir='ltr'>con</span> <span class='ocrx_word' id='word_1_237' title='bbox 812 3416 839 3472; x_wconf 91' lang='lat' dir='ltr'>la</span> <span class='ocrx_word' id='word_1_238' title='bbox 857 3421 978 3489; x_wconf 83' lang='lat' dir='ltr'>stampe,</span> <span class='ocrx_word' id='word_1_239' title='bbox 996 3417 1100 3472; x_wconf 83' lang='lat' dir='ltr'>arendo</span> <span class='ocrx_word' id='word_1_240' title='bbox 1118 3417 1205 3473; x_wconf 89' lang='lat' dir='ltr'>anche</span> <span class='ocrx_word' id='word_1_241' title='bbox 1231 3417 1253 3472; x_wconf 89' lang='lat' dir='ltr'>ii</span> <span class='ocrx_word' id='word_1_242' title='bbox 1271 3421 1355 3490; x_wconf 78' lang='lat' dir='ltr'>lesio,</span> 
     </span>
     <span class='ocr_line' id='line_1_27' title="bbox 285 3509 1219 3581; baseline 0.005 -16"><span class='ocrx_word' id='word_1_243' title='bbox 285 3511 369 3565; x_wconf 80' lang='lat' dir='ltr'>alieni</span> <span class='ocrx_word' id='word_1_244' title='bbox 385 3509 452 3565; x_wconf 81' lang='lat' dir='ltr'>belii.</span> <span class='ocrx_word' id='word_1_245' title='bbox 1211 3573 1219 3581; x_wconf 65' lang='lat'><em>,</em></span> 
     </span>
    </p>

    <p class='ocr_par' dir='ltr' id='par_1_9' title="bbox 285 3585 1356 3746">
     <span class='ocr_line' id='line_1_28' title="bbox 355 3585 1356 3673; baseline 0.002 -19"><span class='ocrx_word' id='word_1_246' title='bbox 355 3599 396 3673; x_wconf 78' lang='lat' dir='ltr'>(l)</span> <span class='ocrx_word' id='word_1_247' title='bbox 408 3585 430 3654; x_wconf 76' lang='lat' dir='ltr'>d</span> <span class='ocrx_word' id='word_1_248' title='bbox 441 3597 545 3654; x_wconf 81' lang='lat' dir='ltr'>lenione</span> <span class='ocrx_word' id='word_1_249' title='bbox 563 3595 603 3652; x_wconf 85' lang='lat' dir='ltr'>de&#39;</span> <span class='ocrx_word' id='word_1_250' title='bbox 615 3600 656 3652; x_wconf 89' lang='lat' dir='ltr'>tce</span> <span class='ocrx_word' id='word_1_251' title='bbox 673 3597 760 3651; x_wconf 90' lang='lat' dir='ltr'>codici</span> <span class='ocrx_word' id='word_1_252' title='bbox 778 3597 813 3652; x_wconf 88' lang='lat' dir='ltr'>da</span> <span class='ocrx_word' id='word_1_253' title='bbox 832 3614 875 3653; x_wconf 88' lang='lat' dir='ltr'>me</span> <span class='ocrx_word' id='word_1_254' title='bbox 894 3598 991 3654; x_wconf 86' lang='lat' dir='ltr'>reduli.</span> <span class='ocrx_word' id='word_1_255' title='bbox 1005 3597 1060 3652; x_wconf 84' lang='lat' dir='ltr'>Per</span> <span class='ocrx_word' id='word_1_256' title='bbox 1078 3599 1105 3652; x_wconf 83' lang='lat' dir='ltr'>la</span> <span class='ocrx_word' id='word_1_257' title='bbox 1123 3599 1191 3671; x_wconf 68' lang='lat' dir='ltr'>qemi</span> <span class='ocrx_word' id='word_1_258' title='bbox 1206 3615 1356 3665; x_wconf 69' lang='lat' dir='ltr'>casmenas</span> 
     </span>
     <span class='ocr_line' id='line_1_29' title="bbox 285 3695 399 3746; baseline -0.026 0"><span class='ocrx_word' id='word_1_259' title='bbox 285 3695 354 3746; x_wconf 83' lang='lat' dir='ltr'>stam</span> <span class='ocrx_word' id='word_1_260' title='bbox 375 3706 399 3744; x_wconf 84' lang='lat' dir='ltr'>a.</span> 
     </span>
    </p>

    <p class='ocr_par' dir='ltr' id='par_1_10' title="bbox 285 3707 1357 3940">
     <span class='ocr_line' id='line_1_30' title="bbox 356 3707 1357 3852; baseline 0.001 -18"><span class='ocrx_word' id='word_1_261' title='bbox 356 3707 394 3848; x_wconf 64' lang='lat' dir='ltr'>ie)</span> <span class='ocrx_word' id='word_1_262' title='bbox 411 3764 433 3832; x_wconf 76' lang='lat' dir='ltr'>d</span> <span class='ocrx_word' id='word_1_263' title='bbox 451 3776 547 3832; x_wconf 76' lang='lat' dir='ltr'>onina</span> <span class='ocrx_word' id='word_1_264' title='bbox 565 3777 614 3832; x_wconf 73' lang='lat'>102.</span> <span class='ocrx_word' id='word_1_265' title='bbox 633 3776 676 3831; x_wconf 81' lang='lat' dir='ltr'>m</span> <span class='ocrx_word' id='word_1_266' title='bbox 693 3777 752 3832; x_wconf 73' lang='lat' dir='ltr'>eoa.</span> <span class='ocrx_word' id='word_1_267' title='bbox 771 3777 923 3832; x_wconf 81' lang='lat' dir='ltr'>florentino.</span> <span class='ocrx_word' id='word_1_268' title='bbox 943 3776 1007 3846; x_wconf 74' lang='lat' dir='ltr'>ngr</span> <span class='ocrx_word' id='word_1_269' title='bbox 1035 3777 1098 3832; x_wconf 77' lang='lat' dir='ltr'>erm</span> <span class='ocrx_word' id='word_1_270' title='bbox 1125 3795 1140 3831; x_wconf 79' lang='lat'>0</span> <span class='ocrx_word' id='word_1_271' title='bbox 1167 3778 1221 3832; x_wconf 72' lang='lat' dir='ltr'>ana</span> <span class='ocrx_word' id='word_1_272' title='bbox 1245 3784 1357 3852; x_wconf 65' lang='lat' dir='ltr'>sempe</span> 
     </span>
     <span class='ocr_line' id='line_1_31' title="bbox 285 3868 466 3940; baseline -0.022 -15"><span class='ocrx_word' id='word_1_273' title='bbox 285 3886 382 3925; x_wconf 88' lang='lat' dir='ltr'>manca</span> <span class='ocrx_word' id='word_1_274' title='bbox 400 3868 466 3940; x_wconf 69' lang='lat' dir='ltr'>sede.</span> 
     </span>
    </p>

    <p class='ocr_par' dir='ltr' id='par_1_11' title="bbox 355 3957 1330 4030">
     <span class='ocr_line' id='line_1_32' title="bbox 355 3957 1330 4030; baseline 0.002 -17"><span class='ocrx_word' id='word_1_275' title='bbox 355 3958 393 4030; x_wconf 87' lang='grc'>(6)</span> <span class='ocrx_word' id='word_1_276' title='bbox 412 3959 420 4012; x_wconf 92' lang='lat' dir='ltr'>i</span> <span class='ocrx_word' id='word_1_277' title='bbox 439 3957 515 4012; x_wconf 90' lang='lat' dir='ltr'>codd.</span> <span class='ocrx_word' id='word_1_278' title='bbox 534 3958 646 4011; x_wconf 81' lang='lat' dir='ltr'>iorinesi</span> <span class='ocrx_word' id='word_1_279' title='bbox 666 3974 681 4011; x_wconf 93' lang='lat' dir='ltr'>e</span> <span class='ocrx_word' id='word_1_280' title='bbox 699 3958 718 4010; x_wconf 93' lang='lat' dir='ltr'>ii</span> <span class='ocrx_word' id='word_1_281' title='bbox 737 3958 872 4012; x_wconf 82' lang='lat' dir='ltr'>cassinale</span> <span class='ocrx_word' id='word_1_282' title='bbox 890 3959 1030 4024; x_wconf 66' lang='lat' dir='ltr'>arrioassa</span> <span class='ocrx_word' id='word_1_283' title='bbox 1050 3959 1169 4011; x_wconf 88' lang='lat' dir='ltr'>comedi</span> <span class='ocrx_word' id='word_1_284' title='bbox 1188 3963 1330 4015; x_wconf 87' lang='lat' dir='ltr'>consueto.</span> 
     </span>
    </p>

    <p class='ocr_par' dir='ltr' id='par_1_12' title="bbox 284 4046 1356 4193">
     <span class='ocr_line' id='line_1_33' title="bbox 355 4046 1356 4119; baseline 0.002 -16"><span class='ocrx_word' id='word_1_285' title='bbox 355 4049 395 4119; x_wconf 80' lang='grc'>(7)</span> <span class='ocrx_word' id='word_1_286' title='bbox 414 4048 500 4100; x_wconf 78' lang='lat' dir='ltr'>diemo</span> <span class='ocrx_word' id='word_1_287' title='bbox 518 4049 548 4100; x_wconf 81' lang='lat' dir='ltr'>in</span> <span class='ocrx_word' id='word_1_288' title='bbox 566 4054 638 4100; x_wconf 67' lang='lat' dir='ltr'>aare</span> <span class='ocrx_word' id='word_1_289' title='bbox 656 4046 665 4100; x_wconf 92' lang='lat' dir='ltr'>i</span> <span class='ocrx_word' id='word_1_290' title='bbox 685 4046 801 4117; x_wconf 85' lang='lat' dir='ltr'>predetti</span> <span class='ocrx_word' id='word_1_291' title='bbox 820 4047 896 4101; x_wconf 87' lang='lat' dir='ltr'>codd.</span> <span class='ocrx_word' id='word_1_292' title='bbox 916 4064 932 4101; x_wconf 85' lang='lat' dir='ltr'>a</span> <span class='ocrx_word' id='word_1_293' title='bbox 953 4064 1014 4101; x_wconf 82' lang='lat' dir='ltr'>rece</span> <span class='ocrx_word' id='word_1_294' title='bbox 1032 4047 1060 4100; x_wconf 94' lang='lat' dir='ltr'>di</span> <span class='ocrx_word' id='word_1_295' title='bbox 1074 4055 1150 4118; x_wconf 79' lang='lat' dir='ltr'>perio</span> <span class='ocrx_word' id='word_1_296' title='bbox 1168 4049 1198 4101; x_wconf 81' lang='lat' dir='ltr'>in</span> <span class='ocrx_word' id='word_1_297' title='bbox 1217 4056 1291 4103; x_wconf 73' lang='lat' dir='ltr'>teram</span> <span class='ocrx_word' id='word_1_298' title='bbox 1304 4050 1356 4105; x_wconf 90' lang='lat' dir='ltr'>che</span> 
     </span>
     <span class='ocr_line' id='line_1_34' title="bbox 284 4137 532 4193; baseline -0.02 0"><span class='ocrx_word' id='word_1_299' title='bbox 284 4143 299 4193; x_wconf 79' lang='lat' dir='ltr'>e</span> <span class='ocrx_word' id='word_1_300' title='bbox 317 4137 360 4192; x_wconf 90' lang='lat' dir='ltr'>del</span> <span class='ocrx_word' id='word_1_301' title='bbox 378 4137 532 4190; x_wconf 82' lang='lat' dir='ltr'>florentino.</span> 
     </span>
    </p>

    <p class='ocr_par' dir='ltr' id='par_1_13' title="bbox 284 4224 1355 4368">
     <span class='ocr_line' id='line_1_35' title="bbox 355 4224 1355 4297; baseline 0.004 -18"><span class='ocrx_word' id='word_1_302' title='bbox 355 4224 395 4297; x_wconf 90' lang='lat'>(8)</span> <span class='ocrx_word' id='word_1_303' title='bbox 413 4225 435 4279; x_wconf 83' lang='lat' dir='ltr'><strong>E</strong></span> <span class='ocrx_word' id='word_1_304' title='bbox 454 4241 509 4279; x_wconf 90' lang='lat' dir='ltr'>non</span> <span class='ocrx_word' id='word_1_305' title='bbox 523 4241 575 4294; x_wconf 76' lang='lat' dir='ltr'>per</span> <span class='ocrx_word' id='word_1_306' title='bbox 594 4225 618 4276; x_wconf 85' lang='lat' dir='ltr'>io</span> <span class='ocrx_word' id='word_1_307' title='bbox 637 4225 717 4295; x_wconf 77' lang='lat' dir='ltr'>quale</span> <span class='ocrx_word' id='word_1_308' title='bbox 735 4224 805 4279; x_wconf 91' lang='lat' dir='ltr'>della</span> <span class='ocrx_word' id='word_1_309' title='bbox 832 4230 955 4295; x_wconf 78' lang='lat' dir='ltr'>stampe,</span> <span class='ocrx_word' id='word_1_310' title='bbox 975 4225 1025 4279; x_wconf 86' lang='lat' dir='ltr'>che</span> <span class='ocrx_word' id='word_1_311' title='bbox 1044 4229 1059 4280; x_wconf 78' lang='lat' dir='ltr'>e</span> <span class='ocrx_word' id='word_1_312' title='bbox 1083 4241 1186 4295; x_wconf 79' lang='lat' dir='ltr'>errore,</span> <span class='ocrx_word' id='word_1_313' title='bbox 1205 4228 1355 4283; x_wconf 82' lang='lat' dir='ltr'>dorendosi</span> 
     </span>
     <span class='ocr_line' id='line_1_36' title="bbox 284 4311 1117 4368; baseline 0.001 -1"><span class='ocrx_word' id='word_1_314' title='bbox 284 4313 390 4367; x_wconf 85' lang='lat' dir='ltr'>rilerire</span> <span class='ocrx_word' id='word_1_315' title='bbox 408 4330 425 4366; x_wconf 88' lang='lat' dir='ltr'>n</span> <span class='ocrx_word' id='word_1_316' title='bbox 445 4311 608 4367; x_wconf 82' lang='lat' dir='ltr'>Massinissa</span> <span class='ocrx_word' id='word_1_317' title='bbox 626 4330 641 4367; x_wconf 90' lang='lat' dir='ltr'>e</span> <span class='ocrx_word' id='word_1_318' title='bbox 658 4330 675 4367; x_wconf 86' lang='lat' dir='ltr'>a</span> <span class='ocrx_word' id='word_1_319' title='bbox 692 4312 777 4368; x_wconf 84' lang='lat' dir='ltr'>Lelio.</span> <span class='ocrx_word' id='word_1_320' title='bbox 1112 4323 1117 4333; x_wconf 88' lang='lat'>&#39;</span> 
     </span>
    </p>
   </div>
   <div class='ocr_carea' id='block_1_7' title="bbox 0 0 1647 5182">
    <p class='ocr_par' dir='ltr' id='par_1_14' title="bbox 0 0 1647 5182">
     <span class='ocr_line' id='line_1_37' title="bbox 0 0 1647 5182; baseline 0 0"><span class='ocrx_word' id='word_1_321' title='bbox 0 0 1647 5182; x_wconf 95' lang='lat' dir='ltr'> </span> 
     </span>
    </p>
   </div>
  </div>
 </body>
</html>
