3270 5182
727 588 924 655 ..223-

296 718 419 785 manati
441 715 529 781 nella
550 717 680 801 potasti
704 713 736 780 di
759 712 895 799 Filippo.
919 712 975 779 Ma
998 711 1138 790 Poride,
1162 710 1365 780 biasimando

293 830 322 890 si
345 822 520 890 sccilcroto
544 822 720 908 coosiglio,
745 841 803 906 por
827 821 996 886 consolare
1021 818 1068 906 (l)
1099 818 1131 883 la
1163 819 1285 906 mogiic
1310 841 1328 886 o
1352 821 1364 886 i

295 931 442 1018 figliuoli,
459 928 617 1016 professo,
634 948 692 1015 per
714 928 746 993 ia
768 928 875 994 saluto
899 926 931 992 di
954 928 1051 1011 quelli
1068 926 1124 1013 (2),
1140 926 1279 1012 portarii
1299 928 1365 1006 via,

295 1039 481 1111 emottcrii
504 1039 550 1127 (3)
574 1056 730 1124 oppresso
753 1036 891 1104 d'anun
915 1034 1019 1102 fcdcic
1042 1037 1160 1112 amico,
1184 1056 1202 1101 c
1226 1035 1258 1102 di
1284 1034 1364 1125 iug-

299 1151 370 1238 girc
394 1150 450 1216 vio
473 1168 532 1235 pcc
563 1168 623 1214 sua
656 1147 856 1234 compagnia.
881 1147 908 1213 Ε
942 1166 1006 1211 non
1038 1144 1107 1213 foco
1142 1144 1275 1234 indugio
1299 1144 1365 1234 (4);

297 1278 349 1324 ma
371 1257 455 1326 fatto
472 1258 559 1326 vista
576 1255 738 1323 d'ondarc
761 1255 803 1321 da
823 1254 1033 1321 Tessalonica
1049 1253 1094 1341 (5)
1110 1255 1142 1320 al
1165 1255 1286 1341 tcmpio
1305 1275 1365 1341 per

368 1577 408 1650 (1)
424 1577 484 1633 Lon
504 1578 531 1631 di
551 1577 614 1632 tutti
632 1578 643 1631 i
661 1577 756 1632 codici.
775 1576 815 1631 Lo
833 1578 939 1647 stompa
956 1576 993 1631 ha
1011 1577 1164 1646 confortare
1182 1574 1320 1631 soslituitc
1339 1575 1365 1630 ιΙ

298 1668 457 1737 ωηιίρὶἑανε
480 1666 522 1721 dol
541 1666 600 1722 cod.
618 1666 762 1732 caesiooso,
781 1667 832 1721 cho
850 1668 896 1737 qui
916 1683 969 1722 non
989 1664 1026 1720 hc
1043 1665 1133 1734 luogo.

368 1758 410 1829 (2)
427 1755 466 1811 ba
484 1759 592 1827 slompa
608 1760 819 1824 scioccamente,
835 1774 886 1826 par
903 1759 1057 1828 confortare
1075 1756 1102 1808 la
1123 1755 1228 1826 moylr'e,
1242 1757 1367 1827 proserse

296 1864 347 1919 por
363 1847 449 1901 saluta
466 1845 496 1899 ai
512 1846 603 1917 qneyli
616 1846 741 1917 finliuoli.

368 1936 408 2008 (3)
425 1935 546 2004 Ponerli,
565 1937 585 1991 il
605 1937 664 1991 cod.
683 1937 836 1994 florentino.

370 2026 410 2101 (t)
428 2027 548 2098 lmlnqr'a
566 2027 716 2098 (aiioiat.)
728 2045 789 2084 esso
808 2027 911 2095 cod.‚o
929 2028 955 2083 sl
974 2030 1065 2100 tempo
1083 2025 1145 2082 dcll'
1156 2025 1308 2083 Albiniani
1320 2044 1366 2102 pa·

300 2121 358 2176 ton
377 2136 466 2174 assero
485 2135 550 2173 voco
568 2117 637 2173 viva.
656 2118 727 2189 Oggi
747 2122 762 2174 ὸ
780 2119 929 2190 soliqualo.

371 2211 411 2280 (5)
428 2211 488 2265 Non
508 2210 649 2281 potandosi
669 2214 844 2265 immoratio
873 2226 953 2265 conso
971 2209 1015 2263 dal
1040 2209 1126 2264 latino
1151 2209 1193 2264 dcl
1212 2208 1368 2277 Boccaccio‚

302 2303 381 2374 qualo
399 2300 447 2355 c'l
465 2301 578 2355 timasio
597 2300 734 2355 nc'codici
753 2317 768 2354 o
787 2300 858 2354 neila
877 2304 991 2370 stampe,
1010 2301 1081 2371 dopo
1097 2300 1187 2354 averio
1206 2300 1251 2371 qui
1277 2303 1368 2356 roccio

302 2410 350 2464 por
367 2393 470 2447 sicarii
487 2391 530 2446 dol
548 2390 888 2460 ictiorasoggiungcromo
906 2391 926 2445 il
945 2392 1027 2461 luogo
1046 2391 1217 2446 chiarissimo
1236 2391 1262 2444 di
1282 2391 1367 2460 Livio,

304 2575 425 2641 cnon,
446 2591 495 2629 ovo
514 2590 567 2628 non
587 2573 611 2628 si
629 2574 732 2628 rico-ra
750 2574 784 2628 cd
811 2575 923 2629 arbitrii
946 2573 1023 2628 liclia
1040 2577 1180 2645 stampas
1206 2574 1369 2631 malmonato

305 2665 489 2720 dcli'iiditoro
507 2683 521 2718 o
540 2665 584 2720 dal
602 2665 708 2719 Betussi
729 2666 770 2720 sin
799 2665 844 2720 dal
863 2665 1010 2736 principio:
1029 2682 1075 2718 ma
1097 2669 1163 2737 sotto
1190 2668 1256 2720 cista
1279 2666 1370 2720 ci'an-
1454 2719 1457 2724 .

304 2756 369 2809 clare
387 2774 405 2809 a
427 2755 597 2809 Tessalonica
612 2773 663 2825 per
681 2757 706 2809 lo
725 2757 852 2825 sacrificio
876 2756 931 2808 alla
949 2764 1037 2808 statua
1055 2756 1084 2809 di
1100 2755 1232 2809 linea...
1262 2757 1370 2827 quando

303 2847 410 2898 trattssi
429 2862 484 2898 non
503 2845 529 2898 di
548 2847 648 2898 andare
666 2862 682 2897 a
700 2845 883 2910 Tcssalonica,
903 2862 946 2897 ms
964 2846 989 2898 di
1011 2846 1111 2914 partire
1129 2846 1163 2899 da
1186 2847 1260 2900 detto
1280 2847 1369 2914 luogo,

303 2950 390 2988 cnon
409 2934 436 2986 di
455 2934 584 3002 sacn'ficio
602 2934 658 2986 clla
682 2941 784 2997 notun,
805 2950 849 2986 ma
866 2935 893 2987 di
912 2935 1074 3003 sacrificinm
1099 2941 1213 2997 statum,
1233 2951 1309 2989 como
1327 2952 1369 2989 vc·

303 3022 402 3076 dromo.
422 3021 510 3094 chuo
529 3022 548 3076 il
567 3023 728 3077 Boccaccio:
747 3040 809 3076 cnm
825 3025 950 3092 fincisset
968 3041 985 3076 o
1002 3023 1190 3076 Thessalonica
1207 3041 1321 3078 aeneam
1335 3024 1372 3077 ad

301 3119 428 3176 suanam,
446 3115 593 3183 quotannis
612 3111 718 3166 Acncae
735 3113 866 3166 conditori
881 3113 1045 3183 sacrificinm
1058 3116 1265 3184 profecturum,
1283 3113 1371 3184 ibique

303 3205 373 3257 inter
389 3203 520 3256 solemnes
537 3205 719 3257 caeremonias
736 3204 883 3274 epulasque
900 3203 970 3256 diem
988 3206 1202 3274 consumpsisset,
1223 3219 1281 3257 nna
1308 3220 1371 3258 cum

305 3291 375 3346 natis
389 3299 413 3343 ct
430 3294 542 3361 coninyc
553 3294 623 3345 clam
641 3294 771 3362 soporatis
789 3292 924 3354 monibus,
939 3295 1020 3346 noctes
1039 3292 1129 3362 ot'qilia
1141 3294 1225 3355 tertia,
1239 3300 1371 3363 tanquam

305 3382 335 3434 in
347 3383 469 3451 patriam
486 3381 638 3444 rediturus,
652 3389 848 3452 praeparatam
875 3383 968 3434 nasim
992 3382 1157 3444 conscendit,
1176 3399 1205 3435 eo
1225 3384 1370 3452 proposito,

305 3477 335 3521 nt
351 3468 489 3523 Ereboecm
507 3486 564 3524 non
587 3470 802 3523 Thessalonicam
825 3478 931 3540 peteret.
950 3471 970 3524 ii
996 3471 1075 3541 qualo
1100 3488 1180 3540 passo
1209 3472 1286 3524 vieno
1314 3472 1371 3526 cosi

305 3558 484 3613 raddiiizzato
503 3577 518 3613 o
536 3558 650 3615 chiarito
668 3559 712 3613 dol
739 3564 869 3629 scgucoto
896 3559 923 3614 di
941 3559 1019 3615 Livio
1037 3560 1073 3632 (i.
1087 3559 1135 3629 c).
1155 3559 1373 3630 Proficiscnmnr

304 3649 339 3703 alr
360 3648 550 3703 Thessalonica
567 3648 688 3703 Aeneam
705 3650 742 3703 ari
765 3657 864 3702 statam
881 3652 1059 3720 sacrificinm,
1078 3650 1151 3721 quoa
1172 3650 1304 3704 conditori
1320 3648 1371 3704 Ae·

306 3753 372 3792 neae
389 3753 453 3792 cum
470 3755 573 3807 maana
590 3742 740 3792 ceremonia
757 3743 904 3810 quotannis
921 3741 1034 3809 faciunt.
1048 3739 1092 3793 lbi
1107 3741 1149 3793 dre
1159 3757 1213 3810 per
1230 3740 1374 3794 sollemnes

305 3826 400 3897 σριιὶαε
416 3835 582 3897 consumpto,
601 3844 697 3881 nocam
710 3836 888 3899 preparatam
912 3845 930 3880 a
949 3827 1055 3891 Poride,
1083 3831 1173 3899 sopitis
1198 3827 1324 3882 omnibus
1341 3828 1374 3881 dc

305 3918 379 3970 teron
396 3917 488 3987 oeyilia
516 3917 698 3971 conscendunt
724 3925 856 3989 tanquam
879 3917 993 3971 raditnm'
1018 3920 1048 3971 in
1080 3918 1310 3973 Thessalonicam:
1327 3917 1376 3972 seli

306 4008 427 4079 trajicere
444 4008 475 4059 in
494 4005 631 4061 Euboeam
647 4015 705 4061 erat
721 4010 898 4078 propositum.
914 4008 937 4061 Ε
955 4008 1002 4078 qui
1022 4007 1192 4077 oggiuugoro
1209 4007 1243 4061 od
1268 4009 1374 4063 abbon-

307 4096 393 4150 donna
410 4094 530 4151 l'ooiico
549 4097 792 4167 volgarizzamcnto
811 4097 943 4167 impresso
962 4098 991 4151 in
1011 4097 1098 4152 Romo
1122 4113 1247 4168 appresso
1270 4099 1300 4151 al
1316 4097 1375 4152 Pa·

311 4184 371 4239 latio
389 4186 420 4239 di
435 4202 487 4239 san
506 4185 598 4239 Mosco
617 4187 636 4240 it
659 4186 734 4251 1476,
753 4187 802 4241 chc
824 4187 859 4242 ho
878 4188 924 4257 qui
943 4187 1071 4240 dinnnnzi
1091 4203 1144 4241 non
1164 4205 1179 4240 a
1197 4187 1318 4256 disegno,
1331 4203 1375 4240 mo

311 4290 361 4345 per
376 4275 514 4331 esscrmisi
533 4292 549 4330 a
568 4278 656 4347 questi
674 4277 702 4330 di
721 4277 816 4332 offerta
844 4277 1014 4332 i'occosiono
1038 4277 1063 4330 di
1091 4277 1227 4348 compicto
1253 4276 1281 4331 la
1298 4277 1376 4348 copia
