<?xml version="1.0" encoding="UTF-8"?>
<!DOCTYPE html PUBLIC "-//W3C//DTD XHTML 1.0 Transitional//EN"
    "http://www.w3.org/TR/xhtml1/DTD/xhtml1-transitional.dtd">
<html xmlns="http://www.w3.org/1999/xhtml" xml:lang="en" lang="en">
 <head>
  <title>
</title>
<meta http-equiv="Content-Type" content="text/html;charset=utf-8" />
  <meta name='ocr-system' content='tesseract 3.04.00' />
  <meta name='ocr-capabilities' content='ocr_page ocr_carea ocr_par ocr_line ocrx_word'/>
</head>
<body>
  <div class='ocr_page' id='page_1' title='image "./delledonnefamos00albagoog_0391.png"; bbox 0 0 3270 5182; ppageno 0'>
   <div class='ocr_carea' id='block_1_1' title="bbox 713 662 914 727">
    <p class='ocr_par' dir='ltr' id='par_1_1' title="bbox 713 662 914 727">
     <span class='ocr_line' id='line_1_1' title="bbox 713 662 914 727; baseline -0.005 0"><span class='ocrx_word' id='word_1_1' title='bbox 713 662 845 727; x_wconf 83' lang='lat'>-307</span> <span class='ocrx_word' id='word_1_2' title='bbox 870 694 914 710; x_wconf 93' lang='lat'><em>-</em></span> 
     </span>
    </p>
   </div>
   <div class='ocr_carea' id='block_1_2' title="bbox 255 783 1350 2377">
    <p class='ocr_par' dir='ltr' id='par_1_2' title="bbox 255 783 1350 2377">
     <span class='ocr_line' id='line_1_2' title="bbox 279 783 1347 872; baseline 0.001 -20"><span class='ocrx_word' id='word_1_3' title='bbox 279 787 338 852; x_wconf 86' lang='lat' dir='ltr'><strong>che</strong></span> <span class='ocrx_word' id='word_1_4' title='bbox 362 795 422 852; x_wconf 82' lang='lat' dir='ltr'><strong>ere</strong></span> <span class='ocrx_word' id='word_1_5' title='bbox 444 785 575 871; x_wconf 80' lang='lat' dir='ltr'><strong>seguito</strong></span> <span class='ocrx_word' id='word_1_6' title='bbox 599 783 654 872; x_wconf 92' lang='grc'><strong>(1).</strong></span> <span class='ocrx_word' id='word_1_7' title='bbox 678 784 759 860; x_wconf 84' lang='lat' dir='ltr'><strong>Quel</strong></span> <span class='ocrx_word' id='word_1_8' title='bbox 782 784 933 870; x_wconf 83' lang='lat' dir='ltr'><strong>sempliee</strong></span> <span class='ocrx_word' id='word_1_9' title='bbox 958 787 1053 852; x_wconf 90' lang='lat' dir='ltr'><strong>uomo</strong></span> <span class='ocrx_word' id='word_1_10' title='bbox 1076 783 1233 862; x_wconf 80' lang='lat' dir='ltr'><strong>eredette,</strong></span> <span class='ocrx_word' id='word_1_11' title='bbox 1257 807 1275 852; x_wconf 94' lang='lat' dir='ltr'><strong>e</strong></span> <span class='ocrx_word' id='word_1_12' title='bbox 1299 788 1347 854; x_wconf 64' lang='lat' dir='ltr'><strong>eta</strong></span> 
     </span>
     <span class='ocr_line' id='line_1_3' title="bbox 279 889 1349 980; baseline 0.001 -23"><span class='ocrx_word' id='word_1_13' title='bbox 279 893 418 980; x_wconf 65' lang='lat' dir='ltr'>legi-ossi</span> <span class='ocrx_word' id='word_1_14' title='bbox 442 910 503 956; x_wconf 86' lang='lat' dir='ltr'><strong>aon</strong></span> <span class='ocrx_word' id='word_1_15' title='bbox 526 891 559 955; x_wconf 83' lang='lat' dir='ltr'><strong>ia</strong></span> <span class='ocrx_word' id='word_1_16' title='bbox 582 889 699 976; x_wconf 81' lang='lat' dir='ltr'><strong>moglie</strong></span> <span class='ocrx_word' id='word_1_17' title='bbox 722 891 782 955; x_wconf 89' lang='lat' dir='ltr'><strong>che</strong></span> <span class='ocrx_word' id='word_1_18' title='bbox 805 891 847 955; x_wconf 89' lang='lat' dir='ltr'><strong>lei</strong></span> <span class='ocrx_word' id='word_1_19' title='bbox 870 891 1010 957; x_wconf 85' lang='lat' dir='ltr'><strong>dovesso</strong></span> <span class='ocrx_word' id='word_1_20' title='bbox 1033 894 1198 976; x_wconf 79' lang='lat' dir='ltr'><strong>partorire</strong></span> <span class='ocrx_word' id='word_1_21' title='bbox 1226 913 1272 959; x_wconf 88' lang='lat' dir='ltr'><strong>un</strong></span> <span class='ocrx_word' id='word_1_22' title='bbox 1295 891 1349 959; x_wconf 92' lang='lat' dir='ltr'>id-</span> 
     </span>
     <span class='ocr_line' id='line_1_4' title="bbox 280 995 1350 1086; baseline 0.003 -22"><span class='ocrx_word' id='word_1_23' title='bbox 280 999 384 1067; x_wconf 63' lang='grc'><strong>11111</strong></span> <span class='ocrx_word' id='word_1_24' title='bbox 408 1019 472 1064; x_wconf 90' lang='lat' dir='ltr'><strong>non</strong></span> <span class='ocrx_word' id='word_1_25' title='bbox 496 1017 555 1063; x_wconf 82' lang='lat' dir='ltr'><strong>era</strong></span> <span class='ocrx_word' id='word_1_26' title='bbox 578 995 696 1063; x_wconf 92' lang='lat' dir='ltr'>dubbio</span> <span class='ocrx_word' id='word_1_27' title='bbox 713 997 773 1064; x_wconf 86' lang='lat' dir='ltr'><strong>ohe</strong></span> <span class='ocrx_word' id='word_1_28' title='bbox 796 995 955 1063; x_wconf 88' lang='lat' dir='ltr'><strong>amendue</strong></span> <span class='ocrx_word' id='word_1_29' title='bbox 971 997 1019 1084; x_wconf 82' lang='lat'><strong>(2)</strong></span> <span class='ocrx_word' id='word_1_30' title='bbox 1035 996 1220 1067; x_wconf 82' lang='lat' dir='ltr'><strong>avrebbero</strong></span> <span class='ocrx_word' id='word_1_31' title='bbox 1236 1002 1350 1086; x_wconf 84' lang='lat' dir='ltr'><strong>aspet·</strong></span> 
     </span>
     <span class='ocr_line' id='line_1_5' title="bbox 280 1104 1349 1196; baseline 0.002 -22"><span class='ocrx_word' id='word_1_32' title='bbox 280 1109 348 1174; x_wconf 78' lang='lat' dir='ltr'><strong>tato</strong></span> <span class='ocrx_word' id='word_1_33' title='bbox 371 1108 394 1173; x_wconf 92' lang='lat' dir='ltr'>il</span> <span class='ocrx_word' id='word_1_34' title='bbox 417 1111 527 1193; x_wconf 82' lang='lat' dir='ltr'><strong>tempo</strong></span> <span class='ocrx_word' id='word_1_35' title='bbox 545 1106 596 1174; x_wconf 83' lang='lat' dir='ltr'><strong>del</strong></span> <span class='ocrx_word' id='word_1_36' title='bbox 620 1104 794 1192; x_wconf 71' lang='lat' dir='ltr'><strong>portorire</strong></span> <span class='ocrx_word' id='word_1_37' title='bbox 810 1127 845 1172; x_wconf 91' lang='lat' dir='ltr'><strong>se</strong></span> <span class='ocrx_word' id='word_1_38' title='bbox 869 1127 935 1172; x_wconf 90' lang='lat' dir='ltr'><strong>non</strong></span> <span class='ocrx_word' id='word_1_39' title='bbox 951 1107 1011 1174; x_wconf 90' lang='lat' dir='ltr'><strong>ohe</strong></span> <span class='ocrx_word' id='word_1_40' title='bbox 1034 1107 1057 1172; x_wconf 91' lang='lat' dir='ltr'>il</span> <span class='ocrx_word' id='word_1_41' title='bbox 1074 1108 1215 1194; x_wconf 84' lang='lat' dir='ltr'><strong>giovane</strong></span> <span class='ocrx_word' id='word_1_42' title='bbox 1231 1110 1349 1196; x_wconf 84' lang='lat' dir='ltr'><strong>troppo</strong></span> 
     </span>
     <span class='ocr_line' id='line_1_6' title="bbox 280 1214 1350 1302; baseline 0.001 -20"><span class='ocrx_word' id='word_1_43' title='bbox 280 1215 427 1292; x_wconf 82' lang='lat' dir='ltr'>ardente,</span> <span class='ocrx_word' id='word_1_44' title='bbox 452 1216 695 1282; x_wconf 68' lang='lat' dir='ltr'><strong>incantamenta</strong></span> <span class='ocrx_word' id='word_1_45' title='bbox 719 1214 892 1281; x_wconf 76' lang='lat' dir='ltr'><strong>manifesto</strong></span> <span class='ocrx_word' id='word_1_46' title='bbox 922 1215 944 1281; x_wconf 92' lang='grc'><strong>1’</strong></span> <span class='ocrx_word' id='word_1_47' title='bbox 957 1216 1111 1302; x_wconf 86' lang='lat' dir='ltr'><strong>inganno.</strong></span> <span class='ocrx_word' id='word_1_48' title='bbox 1129 1215 1204 1302; x_wconf 83' lang='lat' dir='ltr'>Egli</span> <span class='ocrx_word' id='word_1_49' title='bbox 1220 1215 1266 1302; x_wconf 88' lang='grc'><strong>(3)</strong></span> <span class='ocrx_word' id='word_1_50' title='bbox 1289 1217 1350 1283; x_wconf 88' lang='lat' dir='ltr'><strong>che</strong></span> 
     </span>
     <span class='ocr_line' id='line_1_7' title="bbox 279 1322 1348 1413; baseline -0.001 -24"><span class='ocrx_word' id='word_1_51' title='bbox 279 1343 403 1410; x_wconf 80' lang='lat' dir='ltr'><strong>sepeva</strong></span> <span class='ocrx_word' id='word_1_52' title='bbox 426 1322 534 1413; x_wconf 84' lang='lat' dir='ltr'><strong>quella</strong></span> <span class='ocrx_word' id='word_1_53' title='bbox 556 1322 781 1408; x_wconf 83' lang='lat' dir='ltr'><strong>cupidamente</strong></span> <span class='ocrx_word' id='word_1_54' title='bbox 805 1342 915 1389; x_wconf 85' lang='lat' dir='ltr'><strong>essere</strong></span> <span class='ocrx_word' id='word_1_55' title='bbox 939 1326 1027 1390; x_wconf 80' lang='lat' dir='ltr'><strong><em>stata</em></strong></span> <span class='ocrx_word' id='word_1_56' title='bbox 1062 1324 1095 1388; x_wconf 91' lang='lat' dir='ltr'>in</span> <span class='ocrx_word' id='word_1_57' title='bbox 1126 1322 1263 1390; x_wconf 81' lang='lat' dir='ltr'><strong>sollazzo</strong></span> <span class='ocrx_word' id='word_1_58' title='bbox 1288 1344 1348 1390; x_wconf 88' lang='lat' dir='ltr'><strong>oon</strong></span> 
     </span>
     <span class='ocr_line' id='line_1_8' title="bbox 278 1413 1349 1518; baseline 0.002 -22"><span class='ocrx_word' id='word_1_59' title='bbox 278 1431 334 1510; x_wconf 85' lang='lat' dir='ltr'>lui,</span> <span class='ocrx_word' id='word_1_60' title='bbox 358 1434 459 1518; x_wconf 81' lang='lat' dir='ltr'><strong>penso</strong></span> <span class='ocrx_word' id='word_1_61' title='bbox 483 1431 542 1497; x_wconf 88' lang='lat' dir='ltr'><strong>ohe</strong></span> <span class='ocrx_word' id='word_1_62' title='bbox 566 1413 602 1497; x_wconf 87' lang='lat' dir='ltr'><strong>se</strong></span> <span class='ocrx_word' id='word_1_63' title='bbox 625 1432 656 1496; x_wconf 91' lang='lat' dir='ltr'><strong>le</strong></span> <span class='ocrx_word' id='word_1_64' title='bbox 679 1430 772 1496; x_wconf 86' lang='lat' dir='ltr'><strong>desse</strong></span> <span class='ocrx_word' id='word_1_65' title='bbox 796 1451 816 1495; x_wconf 84' lang='lat' dir='ltr'>a</span> <span class='ocrx_word' id='word_1_66' title='bbox 839 1451 1013 1497; x_wconf 84' lang='lat' dir='ltr'><strong>conoscere</strong></span> <span class='ocrx_word' id='word_1_67' title='bbox 1037 1431 1097 1497; x_wconf 86' lang='lat' dir='ltr'><strong>ohe</strong></span> <span class='ocrx_word' id='word_1_68' title='bbox 1128 1452 1186 1517; x_wconf 86' lang='lat' dir='ltr'><strong>per</strong></span> <span class='ocrx_word' id='word_1_69' title='bbox 1214 1451 1273 1498; x_wconf 86' lang='lat' dir='ltr'><strong>suo</strong></span> <span class='ocrx_word' id='word_1_70' title='bbox 1296 1433 1349 1498; x_wconf 87' lang='lat' dir='ltr'><strong>in·</strong></span> 
     </span>
     <span class='ocr_line' id='line_1_9' title="bbox 273 1539 1348 1627; baseline -0.001 -21"><span class='ocrx_word' id='word_1_71' title='bbox 273 1561 389 1627; x_wconf 77' lang='lat' dir='ltr'><strong>gegno</strong></span> <span class='ocrx_word' id='word_1_72' title='bbox 412 1540 478 1627; x_wconf 83' lang='lat' dir='ltr'><strong>egli</strong></span> <span class='ocrx_word' id='word_1_73' title='bbox 492 1559 602 1607; x_wconf 84' lang='lat' dir='ltr'><strong>aveva</strong></span> <span class='ocrx_word' id='word_1_74' title='bbox 624 1542 773 1606; x_wconf 75' lang='lat' dir='ltr'><strong>eom-otta</strong></span> <span class='ocrx_word' id='word_1_75' title='bbox 797 1539 828 1604; x_wconf 85' lang='lat' dir='ltr'><strong>io</strong></span> <span class='ocrx_word' id='word_1_76' title='bbox 849 1559 909 1604; x_wconf 85' lang='lat' dir='ltr'><strong>sua</strong></span> <span class='ocrx_word' id='word_1_77' title='bbox 932 1542 1058 1615; x_wconf 78' lang='lat' dir='ltr'><strong>onesta,</strong></span> <span class='ocrx_word' id='word_1_78' title='bbox 1075 1540 1138 1605; x_wconf 86' lang='lat' dir='ltr'><strong>ella</strong></span> <span class='ocrx_word' id='word_1_79' title='bbox 1161 1540 1189 1604; x_wconf 83' lang='lat' dir='ltr'>si</span> <span class='ocrx_word' id='word_1_80' title='bbox 1211 1539 1348 1627; x_wconf 83' lang='lat' dir='ltr'><strong>pieghe·</strong></span> 
     </span>
     <span class='ocr_line' id='line_1_10' title="bbox 272 1644 1349 1733; baseline -0.001 -20"><span class='ocrx_word' id='word_1_81' title='bbox 272 1647 380 1713; x_wconf 80' lang='lat' dir='ltr'><strong>rebbe</strong></span> <span class='ocrx_word' id='word_1_82' title='bbox 403 1649 459 1733; x_wconf 88' lang='lat' dir='ltr'>pii1</span> <span class='ocrx_word' id='word_1_83' title='bbox 481 1649 592 1732; x_wconf 81' lang='lat' dir='ltr'><strong>presto</strong></span> <span class='ocrx_word' id='word_1_84' title='bbox 607 1645 697 1733; x_wconf 79' lang='grc' dir='ltr'><strong>(4),ο</strong></span> <span class='ocrx_word' id='word_1_85' title='bbox 720 1645 858 1712; x_wconf 69' lang='lat' dir='ltr'><strong>sei-ebbe</strong></span> <span class='ocrx_word' id='word_1_86' title='bbox 882 1645 1010 1711; x_wconf 85' lang='lat' dir='ltr'><strong>desiosa</strong></span> <span class='ocrx_word' id='word_1_87' title='bbox 1026 1644 1073 1731; x_wconf 88' lang='lat'><strong>(5)</strong></span> <span class='ocrx_word' id='word_1_88' title='bbox 1091 1645 1123 1711; x_wconf 93' lang='lat' dir='ltr'>di</span> <span class='ocrx_word' id='word_1_89' title='bbox 1146 1647 1242 1711; x_wconf 77' lang='lat' dir='ltr'>simili</span> <span class='ocrx_word' id='word_1_90' title='bbox 1264 1647 1349 1714; x_wconf 82' lang='lat' dir='ltr'>notti</span> 
     </span>
     <span class='ocr_line' id='line_1_11' title="bbox 266 1752 1348 1839; baseline -0.004 -17"><span class='ocrx_word' id='word_1_91' title='bbox 266 1774 337 1839; x_wconf 87' lang='lat' dir='ltr'><strong>per</strong></span> <span class='ocrx_word' id='word_1_92' title='bbox 361 1754 393 1819; x_wconf 88' lang='lat' dir='ltr'><strong>lo</strong></span> <span class='ocrx_word' id='word_1_93' title='bbox 408 1755 547 1830; x_wconf 81' lang='lat' dir='ltr'>innanzi,</span> <span class='ocrx_word' id='word_1_94' title='bbox 563 1774 581 1818; x_wconf 90' lang='lat' dir='ltr'><strong>e</strong></span> <span class='ocrx_word' id='word_1_95' title='bbox 604 1755 672 1819; x_wconf 84' lang='lat' dir='ltr'>cosi</span> <span class='ocrx_word' id='word_1_96' title='bbox 696 1772 754 1838; x_wconf 86' lang='lat' dir='ltr'><strong>per</strong></span> <span class='ocrx_word' id='word_1_97' title='bbox 770 1755 825 1838; x_wconf 77' lang='lat' dir='ltr'>piii</span> <span class='ocrx_word' id='word_1_98' title='bbox 848 1753 934 1819; x_wconf 86' lang='lat' dir='ltr'><strong>lieve</strong></span> <span class='ocrx_word' id='word_1_99' title='bbox 951 1752 1186 1838; x_wconf 84' lang='lat' dir='ltr'>via‚pii1voiie</span> <span class='ocrx_word' id='word_1_100' title='bbox 1203 1773 1221 1818; x_wconf 94' lang='lat' dir='ltr'><strong>e</strong></span> <span class='ocrx_word' id='word_1_101' title='bbox 1236 1772 1348 1838; x_wconf 80' lang='lat' dir='ltr'><strong>epesso</strong></span> 
     </span>
     <span class='ocr_line' id='line_1_12' title="bbox 261 1857 1349 1947; baseline -0.005 -17"><span class='ocrx_word' id='word_1_102' title='bbox 261 1866 392 1947; x_wconf 84' lang='lat' dir='ltr'><strong>potere</strong></span> <span class='ocrx_word' id='word_1_103' title='bbox 416 1864 551 1927; x_wconf 80' lang='lat' dir='ltr'><strong>tornare</strong></span> <span class='ocrx_word' id='word_1_104' title='bbox 574 1860 606 1925; x_wconf 85' lang='lat' dir='ltr'><strong>al</strong></span> <span class='ocrx_word' id='word_1_105' title='bbox 622 1859 807 1926; x_wconf 81' lang='lat' dir='ltr'><strong>desiderato</strong></span> <span class='ocrx_word' id='word_1_106' title='bbox 825 1857 939 1926; x_wconf 82' lang='lat' dir='ltr'><strong>diietto</strong></span> <span class='ocrx_word' id='word_1_107' title='bbox 967 1858 1023 1945; x_wconf 90' lang='grc'><strong>(6).</strong></span> <span class='ocrx_word' id='word_1_108' title='bbox 1048 1861 1074 1925; x_wconf 81' lang='lat' dir='ltr'><strong>E</strong></span> <span class='ocrx_word' id='word_1_109' title='bbox 1097 1858 1349 1927; x_wconf 73' lang='grc' dir='ltr'><strong>11111οεί11101-</strong></span> 
     </span>
     <span class='ocr_line' id='line_1_13' title="bbox 258 1965 1350 2052; baseline -0.004 -15"><span class='ocrx_word' id='word_1_110' title='bbox 258 1972 330 2037; x_wconf 64' lang='grc'><strong>110</strong></span> <span class='ocrx_word' id='word_1_111' title='bbox 353 1989 374 2034; x_wconf 81' lang='lat' dir='ltr'><strong><em>a</em></strong></span> <span class='ocrx_word' id='word_1_112' title='bbox 398 1969 536 2034; x_wconf 84' lang='lat' dir='ltr'>Paulina</span> <span class='ocrx_word' id='word_1_113' title='bbox 559 1968 619 2034; x_wconf 90' lang='lat' dir='ltr'><strong>ohe</strong></span> <span class='ocrx_word' id='word_1_114' title='bbox 651 1966 782 2035; x_wconf 84' lang='lat' dir='ltr'><strong>andavo</strong></span> <span class='ocrx_word' id='word_1_115' title='bbox 812 1967 844 2032; x_wconf 85' lang='lat' dir='ltr'><strong>al</strong></span> <span class='ocrx_word' id='word_1_116' title='bbox 876 1968 1018 2052; x_wconf 81' lang='lat' dir='ltr'><strong>tempio,</strong></span> <span class='ocrx_word' id='word_1_117' title='bbox 1042 1966 1128 2033; x_wconf 89' lang='lat' dir='ltr'>disse</span> <span class='ocrx_word' id='word_1_118' title='bbox 1162 1987 1223 2033; x_wconf 85' lang='lat' dir='ltr'><strong>oon</strong></span> <span class='ocrx_word' id='word_1_119' title='bbox 1253 1965 1350 2033; x_wconf 84' lang='lat' dir='ltr'><strong><em>bassa</em></strong></span> 
     </span>
     <span class='ocr_line' id='line_1_14' title="bbox 259 2073 1349 2160; baseline -0.003 -17"><span class='ocrx_word' id='word_1_120' title='bbox 259 2096 378 2144; x_wconf 84' lang='lat' dir='ltr'><strong>voce:</strong></span> <span class='ocrx_word' id='word_1_121' title='bbox 396 2076 544 2153; x_wconf 86' lang='lat' dir='ltr'><strong>Paulina,</strong></span> <span class='ocrx_word' id='word_1_122' title='bbox 560 2080 597 2143; x_wconf 80' lang='lat' dir='ltr'><strong>tu</strong></span> <span class='ocrx_word' id='word_1_123' title='bbox 621 2076 709 2141; x_wconf 85' lang='lat' dir='ltr'>sarai</span> <span class='ocrx_word' id='word_1_124' title='bbox 733 2074 830 2142; x_wconf 82' lang='lat' dir='ltr'><strong>beate</strong></span> <span class='ocrx_word' id='word_1_125' title='bbox 846 2073 976 2160; x_wconf 86' lang='lat' dir='ltr'><strong>quando</strong></span> <span class='ocrx_word' id='word_1_126' title='bbox 999 2074 1032 2140; x_wconf 90' lang='lat' dir='ltr'>di</span> <span class='ocrx_word' id='word_1_127' title='bbox 1056 2096 1107 2141; x_wconf 90' lang='lat' dir='ltr'><strong>me</strong></span> <span class='ocrx_word' id='word_1_128' title='bbox 1124 2074 1233 2141; x_wconf 83' lang='lat' dir='ltr'>Anubi</span> <span class='ocrx_word' id='word_1_129' title='bbox 1255 2076 1349 2140; x_wconf 84' lang='lat' dir='ltr'>avrai</span> 
     </span>
     <span class='ocr_line' id='line_1_15' title="bbox 255 2181 1349 2272; baseline -0.003 -21"><span class='ocrx_word' id='word_1_130' title='bbox 255 2188 438 2272; x_wconf 79' lang='lat' dir='ltr'><strong>generato</strong></span> <span class='ocrx_word' id='word_1_131' title='bbox 455 2181 562 2268; x_wconf 82' lang='lat' dir='ltr'><strong>(uno)</strong></span> <span class='ocrx_word' id='word_1_132' title='bbox 578 2181 662 2249; x_wconf 88' lang='lat' dir='ltr'>iddio</span> <span class='ocrx_word' id='word_1_133' title='bbox 678 2181 733 2269; x_wconf 84' lang='grc'><strong>(7).</strong></span> <span class='ocrx_word' id='word_1_134' title='bbox 752 2184 806 2248; x_wconf 86' lang='lat' dir='ltr'><strong>Ma</strong></span> <span class='ocrx_word' id='word_1_135' title='bbox 823 2182 854 2249; x_wconf 91' lang='lat' dir='ltr'>di</span> <span class='ocrx_word' id='word_1_136' title='bbox 873 2182 981 2268; x_wconf 86' lang='lat' dir='ltr'><strong>quella</strong></span> <span class='ocrx_word' id='word_1_137' title='bbox 1005 2183 1118 2268; x_wconf 80' lang='lat' dir='ltr'><strong>peroio</strong></span> <span class='ocrx_word' id='word_1_138' title='bbox 1141 2185 1234 2268; x_wconf 84' lang='lat' dir='ltr'>segni</span> <span class='ocrx_word' id='word_1_139' title='bbox 1250 2182 1349 2248; x_wconf 81' lang='lat' dir='ltr'><strong>molto</strong></span> 
     </span>
     <span class='ocr_line' id='line_1_16' title="bbox 255 2289 1349 2377; baseline -0.004 -19"><span class='ocrx_word' id='word_1_140' title='bbox 255 2291 522 2359; x_wconf 80' lang='lat' dir='ltr'><strong>diversamente</strong></span> <span class='ocrx_word' id='word_1_141' title='bbox 545 2289 587 2355; x_wconf 84' lang='lat' dir='ltr'><strong>de</strong></span> <span class='ocrx_word' id='word_1_142' title='bbox 610 2290 718 2374; x_wconf 90' lang='lat' dir='ltr'><strong>quelio</strong></span> <span class='ocrx_word' id='word_1_143' title='bbox 742 2289 793 2354; x_wconf 86' lang='lat' dir='ltr'><strong>oh’</strong></span> <span class='ocrx_word' id='word_1_144' title='bbox 807 2290 872 2377; x_wconf 85' lang='lat' dir='ltr'><strong>egli</strong></span> <span class='ocrx_word' id='word_1_145' title='bbox 894 2310 1003 2357; x_wconf 82' lang='lat' dir='ltr'><strong>aveva</strong></span> <span class='ocrx_word' id='word_1_146' title='bbox 1027 2293 1165 2375; x_wconf 82' lang='lat' dir='ltr'><strong>pensato</strong></span> <span class='ocrx_word' id='word_1_147' title='bbox 1188 2289 1243 2376; x_wconf 89' lang='lat'>(8).</span> <span class='ocrx_word' id='word_1_148' title='bbox 1265 2291 1349 2355; x_wconf 83' lang='lat' dir='ltr'><strong>Per·</strong></span> 
     </span>
    </p>
   </div>
   <div class='ocr_carea' id='block_1_3' title="bbox 252 2615 1351 4402">
    <p class='ocr_par' dir='ltr' id='par_1_3' title="bbox 253 2615 1351 2780">
     <span class='ocr_line' id='line_1_17' title="bbox 352 2615 1351 2690; baseline 0.001 -18"><span class='ocrx_word' id='word_1_149' title='bbox 352 2615 391 2690; x_wconf 95' lang='grc'><strong>(1)</strong></span> <span class='ocrx_word' id='word_1_150' title='bbox 408 2615 541 2673; x_wconf 82' lang='lat' dir='ltr'><strong>De&#39;codd.</strong></span> <span class='ocrx_word' id='word_1_151' title='bbox 561 2615 675 2672; x_wconf 79' lang='lat' dir='ltr'><strong>torinesi</strong></span> <span class='ocrx_word' id='word_1_152' title='bbox 694 2632 709 2672; x_wconf 92' lang='lat' dir='ltr'><strong>e</strong></span> <span class='ocrx_word' id='word_1_153' title='bbox 728 2615 880 2673; x_wconf 77' lang='lat' dir='ltr'><strong>florentino.</strong></span> <span class='ocrx_word' id='word_1_154' title='bbox 899 2617 940 2672; x_wconf 81' lang='lat' dir='ltr'><strong>Le</strong></span> <span class='ocrx_word' id='word_1_155' title='bbox 966 2618 1090 2689; x_wconf 78' lang='lat' dir='ltr'><strong>stampe,</strong></span> <span class='ocrx_word' id='word_1_156' title='bbox 1108 2617 1202 2688; x_wconf 79' lang='lat' dir='ltr'><strong>quello</strong></span> <span class='ocrx_word' id='word_1_157' title='bbox 1228 2617 1278 2672; x_wconf 77' lang='lat' dir='ltr'><strong>cae</strong></span> <span class='ocrx_word' id='word_1_158' title='bbox 1300 2634 1351 2673; x_wconf 77' lang='lat' dir='ltr'><strong>era</strong></span> 
     </span>
     <span class='ocr_line' id='line_1_18' title="bbox 253 2708 988 2780; baseline -0.003 -16"><span class='ocrx_word' id='word_1_159' title='bbox 253 2711 363 2775; x_wconf 67' lang='lat' dir='ltr'><strong>tatto,</strong></span> <span class='ocrx_word' id='word_1_160' title='bbox 380 2709 555 2780; x_wconf 81' lang='lat' dir='ltr'><strong>rispondente</strong></span> <span class='ocrx_word' id='word_1_161' title='bbox 573 2708 601 2763; x_wconf 82' lang='lat' dir='ltr'><strong>el</strong></span> <span class='ocrx_word' id='word_1_162' title='bbox 619 2724 692 2780; x_wconf 80' lang='lat' dir='ltr'><strong>quae</strong></span> <span class='ocrx_word' id='word_1_163' title='bbox 709 2717 773 2763; x_wconf 77' lang='lat' dir='ltr'><strong>aeta</strong></span> <span class='ocrx_word' id='word_1_164' title='bbox 790 2717 862 2763; x_wconf 78' lang='lat' dir='ltr'><strong>sunt</strong></span> <span class='ocrx_word' id='word_1_165' title='bbox 880 2709 988 2763; x_wconf 84' lang='lat' dir='ltr'><strong>retulit.</strong></span> 
     </span>
    </p>

    <p class='ocr_par' dir='ltr' id='par_1_4' title="bbox 254 2797 1349 2959">
     <span class='ocr_line' id='line_1_19' title="bbox 351 2797 1349 2871; baseline 0.001 -18"><span class='ocrx_word' id='word_1_166' title='bbox 351 2799 393 2870; x_wconf 82' lang='lat'><strong>(2)</strong></span> <span class='ocrx_word' id='word_1_167' title='bbox 410 2798 441 2853; x_wconf 81' lang='lat' dir='ltr'><strong>L&#39;</strong></span> <span class='ocrx_word' id='word_1_168' title='bbox 451 2799 590 2853; x_wconf 69' lang='lat' dir='ltr'><strong>anteatino</strong></span> <span class='ocrx_word' id='word_1_169' title='bbox 608 2797 658 2854; x_wconf 87' lang='lat' dir='ltr'><strong>ohe</strong></span> <span class='ocrx_word' id='word_1_170' title='bbox 676 2801 692 2851; x_wconf 78' lang='grc' dir='ltr'>ὸ</span> <span class='ocrx_word' id='word_1_171' title='bbox 710 2798 753 2852; x_wconf 86' lang='lat' dir='ltr'><strong>del</strong></span> <span class='ocrx_word' id='word_1_172' title='bbox 772 2801 851 2864; x_wconf 79' lang='lat' dir='ltr'><strong>testo,</strong></span> <span class='ocrx_word' id='word_1_173' title='bbox 871 2816 969 2855; x_wconf 81' lang='lat' dir='ltr'><strong><em>manca</em></strong></span> <span class='ocrx_word' id='word_1_174' title='bbox 987 2797 1042 2853; x_wconf 82' lang='lat' dir='ltr'><strong>alia</strong></span> <span class='ocrx_word' id='word_1_175' title='bbox 1060 2802 1181 2871; x_wconf 78' lang='lat' dir='ltr'><strong>stampe,</strong></span> <span class='ocrx_word' id='word_1_176' title='bbox 1200 2800 1235 2853; x_wconf 79' lang='lat' dir='ltr'><strong>ab</strong></span> <span class='ocrx_word' id='word_1_177' title='bbox 1253 2800 1349 2854; x_wconf 83' lang='lat' dir='ltr'><strong><em>ambo-</em></strong></span> 
     </span>
     <span class='ocr_line' id='line_1_20' title="bbox 254 2885 939 2959; baseline -0.006 -16"><span class='ocrx_word' id='word_1_178' title='bbox 254 2885 333 2943; x_wconf 70' lang='lat' dir='ltr'><strong>bus</strong></span> <span class='ocrx_word' id='word_1_179' title='bbox 351 2891 455 2959; x_wconf 61' lang='lat' dir='ltr'><strong>sitisset</strong></span> <span class='ocrx_word' id='word_1_180' title='bbox 472 2894 649 2957; x_wconf 68' lang='lat' dir='ltr'><strong>expectatum</strong></span> <span class='ocrx_word' id='word_1_181' title='bbox 664 2887 803 2956; x_wconf 82' lang='lat' dir='ltr'><strong>pariendi</strong></span> <span class='ocrx_word' id='word_1_182' title='bbox 822 2896 939 2956; x_wconf 79' lang='lat' dir='ltr'><strong>tempus.</strong></span> 
     </span>
    </p>

    <p class='ocr_par' dir='ltr' id='par_1_5' title="bbox 252 2974 1351 3120">
     <span class='ocr_line' id='line_1_21' title="bbox 349 2974 1351 3048; baseline 0 -20"><span class='ocrx_word' id='word_1_183' title='bbox 349 2975 391 3048; x_wconf 87' lang='grc'><strong>(3)</strong></span> <span class='ocrx_word' id='word_1_184' title='bbox 414 2976 481 3045; x_wconf 60' lang='lat' dir='ltr'><strong>Itali</strong></span> <span class='ocrx_word' id='word_1_185' title='bbox 507 2977 557 3028; x_wconf 79' lang='lat' dir='ltr'><strong>che</strong></span> <span class='ocrx_word' id='word_1_186' title='bbox 584 2991 686 3045; x_wconf 78' lang='lat' dir='ltr'><strong>oapeva</strong></span> <span class='ocrx_word' id='word_1_187' title='bbox 713 2974 755 3029; x_wconf 89' lang='lat' dir='ltr'><strong>de&#39;</strong></span> <span class='ocrx_word' id='word_1_188' title='bbox 771 2975 891 3028; x_wconf 79' lang='lat' dir='ltr'><strong>torineei.</strong></span> <span class='ocrx_word' id='word_1_189' title='bbox 920 2976 979 3028; x_wconf 79' lang='lat' dir='ltr'>Lici</span> <span class='ocrx_word' id='word_1_190' title='bbox 1005 2977 1055 3030; x_wconf 76' lang='lat' dir='ltr'><strong>cae</strong></span> <span class='ocrx_word' id='word_1_191' title='bbox 1081 2993 1198 3046; x_wconf 77' lang='lat' dir='ltr'><strong>eapeoa,</strong></span> <span class='ocrx_word' id='word_1_192' title='bbox 1225 2974 1270 3028; x_wconf 87' lang='lat' dir='ltr'><strong>del</strong></span> <span class='ocrx_word' id='word_1_193' title='bbox 1297 2975 1351 3028; x_wconf 86' lang='lat' dir='ltr'><strong>flo-</strong></span> 
     </span>
     <span class='ocr_line' id='line_1_22' title="bbox 252 3066 394 3120; baseline -0.014 0"><span class='ocrx_word' id='word_1_194' title='bbox 252 3066 394 3120; x_wconf 60' lang='lat' dir='ltr'><strong>noaino.</strong></span> 
     </span>
    </p>

    <p class='ocr_par' dir='ltr' id='par_1_6' title="bbox 258 3152 1351 3389">
     <span class='ocr_line' id='line_1_23' title="bbox 350 3152 1351 3226; baseline 0.002 -19"><span class='ocrx_word' id='word_1_195' title='bbox 350 3152 389 3226; x_wconf 81' lang='grc'><strong>(4)</strong></span> <span class='ocrx_word' id='word_1_196' title='bbox 408 3153 591 3222; x_wconf 71' lang='lat' dir='ltr'><strong>Pieqiierebbe</strong></span> <span class='ocrx_word' id='word_1_197' title='bbox 609 3154 624 3206; x_wconf 80' lang='lat' dir='ltr'><strong>e</strong></span> <span class='ocrx_word' id='word_1_198' title='bbox 643 3152 686 3207; x_wconf 93' lang='lat' dir='ltr'><strong>dei</strong></span> <span class='ocrx_word' id='word_1_199' title='bbox 705 3152 772 3207; x_wconf 87' lang='lat' dir='ltr'><strong>detti</strong></span> <span class='ocrx_word' id='word_1_200' title='bbox 791 3153 844 3207; x_wconf 88' lang='lat' dir='ltr'><strong>due</strong></span> <span class='ocrx_word' id='word_1_201' title='bbox 866 3153 962 3218; x_wconf 88' lang='lat' dir='ltr'>codici,</span> <span class='ocrx_word' id='word_1_202' title='bbox 981 3155 1086 3209; x_wconf 82' lang='lat' dir='ltr'><strong>mentre</strong></span> <span class='ocrx_word' id='word_1_203' title='bbox 1110 3152 1130 3208; x_wconf 92' lang='lat' dir='ltr'>il</span> <span class='ocrx_word' id='word_1_204' title='bbox 1149 3154 1296 3210; x_wconf 75' lang='lat' dir='ltr'><strong>florentino</strong></span> <span class='ocrx_word' id='word_1_205' title='bbox 1314 3153 1351 3209; x_wconf 79' lang='lat' dir='ltr'><strong>ha</strong></span> 
     </span>
     <span class='ocr_line' id='line_1_24' title="bbox 258 3241 1351 3315; baseline 0.004 -20"><span class='ocrx_word' id='word_1_206' title='bbox 258 3245 457 3310; x_wconf 73' lang='lat' dir='ltr'><strong>caiae-eote,</strong></span> <span class='ocrx_word' id='word_1_207' title='bbox 475 3243 518 3298; x_wconf 90' lang='lat' dir='ltr'><strong>col</strong></span> <span class='ocrx_word' id='word_1_208' title='bbox 532 3245 590 3314; x_wconf 79' lang='lat' dir='ltr'>piit</span> <span class='ocrx_word' id='word_1_209' title='bbox 614 3251 725 3314; x_wconf 83' lang='lat' dir='ltr'><strong>prosto,</strong></span> <span class='ocrx_word' id='word_1_210' title='bbox 748 3241 797 3298; x_wconf 83' lang='lat' dir='ltr'><strong>che</strong></span> <span class='ocrx_word' id='word_1_211' title='bbox 824 3241 860 3298; x_wconf 91' lang='lat' dir='ltr'><strong>ho</strong></span> <span class='ocrx_word' id='word_1_212' title='bbox 888 3247 1031 3315; x_wconf 77' lang='lat' dir='ltr'><strong>anteposto</strong></span> <span class='ocrx_word' id='word_1_213' title='bbox 1059 3244 1087 3298; x_wconf 81' lang='lat' dir='ltr'><strong>ei</strong></span> <span class='ocrx_word' id='word_1_214' title='bbox 1112 3247 1252 3315; x_wconf 77' lang='lat' dir='ltr'><strong>piuttooto</strong></span> <span class='ocrx_word' id='word_1_215' title='bbox 1276 3243 1351 3315; x_wconf 78' lang='lat' dir='ltr'>degli</span> 
     </span>
     <span class='ocr_line' id='line_1_25' title="bbox 259 3334 352 3389; baseline -0.011 0"><span class='ocrx_word' id='word_1_216' title='bbox 259 3334 352 3389; x_wconf 70' lang='lat' dir='ltr'><strong>altri.</strong></span> 
     </span>
    </p>

    <p class='ocr_par' dir='ltr' id='par_1_7' title="bbox 352 3411 1188 3492">
     <span class='ocr_line' id='line_1_26' title="bbox 352 3411 1188 3492; baseline -0.002 -14"><span class='ocrx_word' id='word_1_217' title='bbox 352 3423 392 3492; x_wconf 88' lang='grc'><strong>(5)</strong></span> <span class='ocrx_word' id='word_1_218' title='bbox 410 3424 526 3477; x_wconf 75' lang='lat' dir='ltr'>Disiosa</span> <span class='ocrx_word' id='word_1_219' title='bbox 545 3411 622 3477; x_wconf 76' lang='lat' dir='ltr'><strong>edel</strong></span> <span class='ocrx_word' id='word_1_220' title='bbox 641 3423 698 3477; x_wconf 89' lang='lat' dir='ltr'><strong>eod.</strong></span> <span class='ocrx_word' id='word_1_221' title='bbox 718 3422 873 3487; x_wconf 80' lang='lat' dir='ltr'><strong>florentino,</strong></span> <span class='ocrx_word' id='word_1_222' title='bbox 892 3423 998 3492; x_wconf 81' lang='lat' dir='ltr'>cupida</span> <span class='ocrx_word' id='word_1_223' title='bbox 1016 3422 1188 3476; x_wconf 79' lang='lat' dir='ltr'><strong>de&#39;terineei.</strong></span> 
     </span>
    </p>

    <p class='ocr_par' dir='ltr' id='par_1_8' title="bbox 262 3510 1351 4027">
     <span class='ocr_line' id='line_1_27' title="bbox 351 3510 1351 3584; baseline -0.003 -18"><span class='ocrx_word' id='word_1_224' title='bbox 351 3513 391 3584; x_wconf 89' lang='grc'><strong>(6)</strong></span> <span class='ocrx_word' id='word_1_225' title='bbox 410 3511 503 3566; x_wconf 77' lang='lat' dir='ltr'><strong>Anche</strong></span> <span class='ocrx_word' id='word_1_226' title='bbox 522 3514 618 3583; x_wconf 77' lang='lat' dir='ltr'><strong>questo</strong></span> <span class='ocrx_word' id='word_1_227' title='bbox 636 3513 725 3565; x_wconf 78' lang='lat' dir='ltr'><strong>brono</strong></span> <span class='ocrx_word' id='word_1_228' title='bbox 744 3528 841 3565; x_wconf 81' lang='lat' dir='ltr'><strong><em>manca</em></strong></span> <span class='ocrx_word' id='word_1_229' title='bbox 858 3510 914 3564; x_wconf 82' lang='lat' dir='ltr'><strong>aila</strong></span> <span class='ocrx_word' id='word_1_230' title='bbox 932 3514 1048 3581; x_wconf 79' lang='lat' dir='ltr'><strong>stampe,</strong></span> <span class='ocrx_word' id='word_1_231' title='bbox 1063 3528 1078 3563; x_wconf 94' lang='lat' dir='ltr'><strong>e</strong></span> <span class='ocrx_word' id='word_1_232' title='bbox 1096 3511 1170 3564; x_wconf 80' lang='lat' dir='ltr'><strong>eeeei</strong></span> <span class='ocrx_word' id='word_1_233' title='bbox 1196 3510 1351 3565; x_wconf 81' lang='lat' dir='ltr'>verosimil-</span> 
     </span>
     <span class='ocr_line' id='line_1_28' title="bbox 262 3600 1350 3671; baseline -0.004 -14"><span class='ocrx_word' id='word_1_234' title='bbox 262 3605 371 3657; x_wconf 76' lang='lat' dir='ltr'><strong>menie</strong></span> <span class='ocrx_word' id='word_1_235' title='bbox 398 3601 425 3655; x_wconf 83' lang='lat' dir='ltr'><strong>ai</strong></span> <span class='ocrx_word' id='word_1_236' title='bbox 453 3600 511 3656; x_wconf 87' lang='lat' dir='ltr'><strong>cod.</strong></span> <span class='ocrx_word' id='word_1_237' title='bbox 531 3601 673 3655; x_wconf 78' lang='lat' dir='ltr'><strong>cassinese.</strong></span> <span class='ocrx_word' id='word_1_238' title='bbox 698 3601 727 3655; x_wconf 78' lang='lat' dir='ltr'><strong>Is</strong></span> <span class='ocrx_word' id='word_1_239' title='bbox 745 3600 860 3671; x_wconf 73' lang='lat' dir='ltr'><strong>quidem</strong></span> <span class='ocrx_word' id='word_1_240' title='bbox 879 3602 952 3670; x_wconf 74' lang='lat' dir='ltr'><strong>sorte</strong></span> <span class='ocrx_word' id='word_1_241' title='bbox 970 3601 1099 3654; x_wconf 78' lang='lat' dir='ltr'><strong>conscius</strong></span> <span class='ocrx_word' id='word_1_242' title='bbox 1127 3617 1189 3653; x_wconf 79' lang='lat' dir='ltr'><strong>eam</strong></span> <span class='ocrx_word' id='word_1_243' title='bbox 1213 3600 1295 3654; x_wconf 77' lang='lat' dir='ltr'><strong><em>avida</em></strong></span> <span class='ocrx_word' id='word_1_244' title='bbox 1317 3602 1350 3653; x_wconf 86' lang='lat' dir='ltr'>in</span> 
     </span>
     <span class='ocr_line' id='line_1_29' title="bbox 263 3691 1350 3761; baseline 0 -18"><span class='ocrx_word' id='word_1_245' title='bbox 263 3693 432 3761; x_wconf 76' lang='lat' dir='ltr'><strong>aaiploaua</strong></span> <span class='ocrx_word' id='word_1_246' title='bbox 450 3699 477 3743; x_wconf 81' lang='lat' dir='ltr'><strong>at</strong></span> <span class='ocrx_word' id='word_1_247' title='bbox 495 3692 600 3744; x_wconf 80' lang='lat' dir='ltr'><strong>coitum</strong></span> <span class='ocrx_word' id='word_1_248' title='bbox 618 3692 735 3753; x_wconf 78' lang='lat' dir='ltr'><strong>venisse,</strong></span> <span class='ocrx_word' id='word_1_249' title='bbox 753 3691 913 3744; x_wconf 74' lang='lat' dir='ltr'><strong>arbitratus</strong></span> <span class='ocrx_word' id='word_1_250' title='bbox 932 3693 959 3743; x_wconf 78' lang='lat' dir='ltr'>si</span> <span class='ocrx_word' id='word_1_251' title='bbox 973 3698 1152 3759; x_wconf 79' lang='lat' dir='ltr'><strong>prostratam</strong></span> <span class='ocrx_word' id='word_1_252' title='bbox 1170 3707 1188 3742; x_wconf 90' lang='lat' dir='ltr'><strong><em>a</em></strong></span> <span class='ocrx_word' id='word_1_253' title='bbox 1211 3706 1241 3743; x_wconf 78' lang='lat' dir='ltr'><strong>oe</strong></span> <span class='ocrx_word' id='word_1_254' title='bbox 1268 3692 1350 3758; x_wconf 67' lang='lat' dir='ltr'><strong>inae·</strong></span> 
     </span>
     <span class='ocr_line' id='line_1_30' title="bbox 265 3778 1350 3850; baseline -0.002 -16"><span class='ocrx_word' id='word_1_255' title='bbox 265 3785 330 3835; x_wconf 75' lang='lat' dir='ltr'><strong>nia</strong></span> <span class='ocrx_word' id='word_1_256' title='bbox 349 3797 404 3834; x_wconf 77' lang='lat' dir='ltr'><strong>suo</strong></span> <span class='ocrx_word' id='word_1_257' title='bbox 422 3783 485 3834; x_wconf 75' lang='lat' dir='ltr'><strong>eiua</strong></span> <span class='ocrx_word' id='word_1_258' title='bbox 504 3779 670 3832; x_wconf 74' lang='lat' dir='ltr'><strong>ostendisset</strong></span> <span class='ocrx_word' id='word_1_259' title='bbox 692 3780 879 3849; x_wconf 80' lang='lat' dir='ltr'>pudicitiam,</span> <span class='ocrx_word' id='word_1_260' title='bbox 901 3781 1054 3850; x_wconf 72' lang='lat' dir='ltr'><strong>flexibilem</strong></span> <span class='ocrx_word' id='word_1_261' title='bbox 1071 3782 1164 3848; x_wconf 66' lang='lat' dir='ltr'><strong>aiaaie</strong></span> <span class='ocrx_word' id='word_1_262' title='bbox 1182 3787 1209 3832; x_wconf 82' lang='lat' dir='ltr'><strong>et</strong></span> <span class='ocrx_word' id='word_1_263' title='bbox 1235 3778 1350 3832; x_wconf 79' lang='lat' dir='ltr'><strong>aoi&#39;dam</strong></span> 
     </span>
     <span class='ocr_line' id='line_1_31' title="bbox 265 3868 1349 3941; baseline -0.003 -19"><span class='ocrx_word' id='word_1_264' title='bbox 265 3885 369 3941; x_wconf 74' lang='lat' dir='ltr'><strong>nequo</strong></span> <span class='ocrx_word' id='word_1_265' title='bbox 387 3871 478 3922; x_wconf 76' lang='lat' dir='ltr'><strong>noctis</strong></span> <span class='ocrx_word' id='word_1_266' title='bbox 497 3870 647 3938; x_wconf 60' lang='lat' dir='ltr'><strong><em>suturam</em></strong></span> <span class='ocrx_word' id='word_1_267' title='bbox 666 3876 693 3920; x_wconf 81' lang='lat' dir='ltr'><strong>et</strong></span> <span class='ocrx_word' id='word_1_268' title='bbox 710 3871 751 3920; x_wconf 82' lang='lat' dir='ltr'><strong>sia</strong></span> <span class='ocrx_word' id='word_1_269' title='bbox 779 3870 905 3938; x_wconf 71' lang='lat' dir='ltr'><strong>faciliori</strong></span> <span class='ocrx_word' id='word_1_270' title='bbox 932 3871 978 3921; x_wconf 86' lang='lat' dir='ltr'><strong>oia</strong></span> <span class='ocrx_word' id='word_1_271' title='bbox 1006 3871 1111 3921; x_wconf 79' lang='lat' dir='ltr'><strong>iterum</strong></span> <span class='ocrx_word' id='word_1_272' title='bbox 1129 3876 1156 3920; x_wconf 85' lang='lat' dir='ltr'><strong>et</strong></span> <span class='ocrx_word' id='word_1_273' title='bbox 1182 3868 1298 3936; x_wconf 70' lang='lat' dir='ltr'><strong>saepius</strong></span> <span class='ocrx_word' id='word_1_274' title='bbox 1316 3868 1349 3919; x_wconf 84' lang='lat' dir='ltr'>in</span> 
     </span>
     <span class='ocr_line' id='line_1_32' title="bbox 267 3957 830 4027; baseline -0.005 -14"><span class='ocrx_word' id='word_1_275' title='bbox 267 3960 445 4027; x_wconf 72' lang='lat' dir='ltr'><strong>mampitos</strong></span> <span class='ocrx_word' id='word_1_276' title='bbox 461 3974 543 4026; x_wconf 75' lang='lat' dir='ltr'><strong>posse</strong></span> <span class='ocrx_word' id='word_1_277' title='bbox 561 3957 654 4010; x_wconf 79' lang='lat' dir='ltr'><strong>redire</strong></span> <span class='ocrx_word' id='word_1_278' title='bbox 672 3958 830 4026; x_wconf 71' lang='lat' dir='ltr'><strong><em>amplexus.</em></strong></span> 
     </span>
    </p>

    <p class='ocr_par' dir='ltr' id='par_1_9' title="bbox 269 4031 1350 4207">
     <span class='ocr_line' id='line_1_33' title="bbox 352 4031 1350 4116; baseline -0.001 -16"><span class='ocrx_word' id='word_1_279' title='bbox 352 4046 392 4116; x_wconf 81' lang='grc'><strong>(7)</strong></span> <span class='ocrx_word' id='word_1_280' title='bbox 411 4031 433 4100; x_wconf 78' lang='lat' dir='ltr'><strong>ti</strong></span> <span class='ocrx_word' id='word_1_281' title='bbox 452 4047 574 4102; x_wconf 73' lang='lat' dir='ltr'><strong>sianieeo</strong></span> <span class='ocrx_word' id='word_1_282' title='bbox 593 4044 614 4100; x_wconf 94' lang='lat' dir='ltr'>il</span> <span class='ocrx_word' id='word_1_283' title='bbox 634 4049 720 4101; x_wconf 79' lang='lat' dir='ltr'><strong>testo:</strong></span> <span class='ocrx_word' id='word_1_284' title='bbox 738 4047 818 4100; x_wconf 81' lang='lat' dir='ltr'><strong><em>beata</em></strong></span> <span class='ocrx_word' id='word_1_285' title='bbox 845 4064 873 4100; x_wconf 78' lang='lat' dir='ltr'><strong>ee</strong></span> <span class='ocrx_word' id='word_1_286' title='bbox 893 4047 1023 4101; x_wconf 83' lang='lat' dir='ltr'><strong>Paulina</strong></span> <span class='ocrx_word' id='word_1_287' title='bbox 1046 4063 1111 4100; x_wconf 83' lang='lat' dir='ltr'><strong>cum</strong></span> <span class='ocrx_word' id='word_1_288' title='bbox 1134 4064 1169 4100; x_wconf 73' lang='lat' dir='ltr'><strong>ex</strong></span> <span class='ocrx_word' id='word_1_289' title='bbox 1187 4063 1231 4100; x_wconf 88' lang='lat' dir='ltr'><strong>me</strong></span> <span class='ocrx_word' id='word_1_290' title='bbox 1248 4044 1350 4100; x_wconf 71' lang='lat' dir='ltr'><strong>Anteba</strong></span> 
     </span>
     <span class='ocr_line' id='line_1_34' title="bbox 269 4135 1292 4207; baseline 0.001 -20"><span class='ocrx_word' id='word_1_291' title='bbox 269 4135 330 4190; x_wconf 82' lang='lat' dir='ltr'><strong>deo</strong></span> <span class='ocrx_word' id='word_1_292' title='bbox 348 4139 515 4205; x_wconf 70' lang='lat' dir='ltr'><strong>conceperis,</strong></span> <span class='ocrx_word' id='word_1_293' title='bbox 535 4137 603 4202; x_wconf 74' lang='lat' dir='ltr'><strong>cieo,</strong></span> <span class='ocrx_word' id='word_1_294' title='bbox 622 4136 737 4206; x_wconf 80' lang='lat' dir='ltr'><strong>quando</strong></span> <span class='ocrx_word' id='word_1_295' title='bbox 755 4136 793 4189; x_wconf 80' lang='lat' dir='ltr'><strong>da</strong></span> <span class='ocrx_word' id='word_1_296' title='bbox 811 4153 855 4189; x_wconf 85' lang='lat' dir='ltr'><strong>me</strong></span> <span class='ocrx_word' id='word_1_297' title='bbox 872 4136 919 4190; x_wconf 85' lang='lat' dir='ltr'><strong>dio</strong></span> <span class='ocrx_word' id='word_1_298' title='bbox 937 4137 1036 4189; x_wconf 81' lang='lat' dir='ltr'>Anubi</span> <span class='ocrx_word' id='word_1_299' title='bbox 1053 4137 1136 4188; x_wconf 82' lang='lat' dir='ltr'><strong>aorai</strong></span> <span class='ocrx_word' id='word_1_300' title='bbox 1150 4142 1292 4207; x_wconf 70' lang='lat' dir='ltr'><strong>ymerum.</strong></span> 
     </span>
    </p>

    <p class='ocr_par' dir='ltr' id='par_1_10' title="bbox 276 4224 1350 4402">
     <span class='ocr_line' id='line_1_35' title="bbox 353 4224 1350 4298; baseline -0.001 -19"><span class='ocrx_word' id='word_1_301' title='bbox 353 4224 392 4295; x_wconf 87' lang='grc'><strong>(8)</strong></span> <span class='ocrx_word' id='word_1_302' title='bbox 410 4225 493 4280; x_wconf 86' lang='lat' dir='ltr'><strong>Meno</strong></span> <span class='ocrx_word' id='word_1_303' title='bbox 513 4226 582 4280; x_wconf 88' lang='lat' dir='ltr'><strong>bene</strong></span> <span class='ocrx_word' id='word_1_304' title='bbox 600 4226 629 4280; x_wconf 81' lang='lat' dir='ltr'><strong>le</strong></span> <span class='ocrx_word' id='word_1_305' title='bbox 647 4230 762 4297; x_wconf 80' lang='lat' dir='ltr'><strong>stampe,</strong></span> <span class='ocrx_word' id='word_1_306' title='bbox 780 4226 812 4280; x_wconf 69' lang='lat' dir='ltr'><strong>aa·</strong></span> <span class='ocrx_word' id='word_1_307' title='bbox 830 4227 926 4298; x_wconf 80' lang='lat' dir='ltr'><strong>quella</strong></span> <span class='ocrx_word' id='word_1_308' title='bbox 949 4227 1054 4296; x_wconf 78' lang='lat' dir='ltr'><strong>parole</strong></span> <span class='ocrx_word' id='word_1_309' title='bbox 1076 4229 1155 4296; x_wconf 61' lang='lat' dir='ltr'>sequi</span> <span class='ocrx_word' id='word_1_310' title='bbox 1179 4226 1229 4280; x_wconf 78' lang='lat' dir='ltr'><strong>che</strong></span> <span class='ocrx_word' id='word_1_311' title='bbox 1251 4241 1350 4278; x_wconf 86' lang='lat' dir='ltr'><strong><em>mara·</em></strong></span> 
     </span>
     <span class='ocr_line' id='line_1_36' title="bbox 276 4315 612 4402; baseline 0 -34"><span class='ocrx_word' id='word_1_312' title='bbox 276 4315 456 4386; x_wconf 75' lang='lat' dir='ltr'>oiqiiamioei</span> <span class='ocrx_word' id='word_1_313' title='bbox 475 4317 612 4402; x_wconf 65' lang='lat' dir='ltr'><strong>Paulina.</strong></span> 
     </span>
    </p>
   </div>
   <div class='ocr_carea' id='block_1_4' title="bbox 0 0 1644 5182">
    <p class='ocr_par' dir='ltr' id='par_1_11' title="bbox 0 0 1644 5182">
     <span class='ocr_line' id='line_1_37' title="bbox 0 0 1644 5182; baseline 0 0"><span class='ocrx_word' id='word_1_314' title='bbox 0 0 1644 5182; x_wconf 95' lang='lat' dir='ltr'><strong> </strong></span> 
     </span>
    </p>
   </div>
  </div>
 </body>
</html>
