3330 5190
716 681 916 747 -lll-

284 811 443 897 cupidita,
468 830 527 894 per
549 827 710 894 speranza
732 807 765 873 di
788 827 889 874 avere
913 810 935 877 il
959 827 1018 874 suo
1040 813 1151 876 tesoro
1169 810 1226 897 (1),
1243 811 1348 877 uooise

283 940 304 982 a
326 918 525 983 tradimento
548 918 570 982 il
594 919 753 1001 cognato,
776 917 798 981 il
823 916 918 1001 qirale
941 936 1006 981 non
1030 918 1056 982 si
1091 918 1272 1004 guardava.
1296 921 1346 985 La

283 1024 360 1109 qual
383 1043 460 1089 cosa
482 1042 573 1088 coma
588 1022 678 1088 Elisa
700 1043 816 1108 ssppe,
832 1022 973 1108 portolla
996 1027 1023 1088 si
1046 1024 1348 1110 impazientemente

237 1192 239 1195 .
283 1132 344 1198 ohe
366 1152 388 1198 a
411 1129 509 1198 fatioa
531 1131 559 1195 si
581 1115 718 1197 astenna
742 1128 954 1196 d’uooidersi.
972 1131 998 1195 Ε
1014 1130 1142 1197 avando
1158 1134 1348 1200 consumato

282 1238 382 1307 molto
405 1241 513 1324 tempo
536 1237 570 1304 in
592 1237 722 1323 planto,
746 1260 765 1305 e
787 1236 925 1304 indarno
949 1235 997 1323 (2)
1020 1239 1212 1307 chiamando
1235 1260 1348 1327 spesso

281 1349 387 1415 ilsuo
410 1345 524 1413 dilelto
547 1343 713 1421 acerbas,
737 1368 755 1412 a
778 1345 943 1413 ahiamata
973 1351 1090 1415 contra
1123 1368 1184 1415 suo
1217 1346 1348 1417 fratello

281 1456 359 1543 ogni
382 1454 513 1521 crudele
536 1452 726 1521 bastemmia
748 1452 806 1542 (3),
826 1452 970 1521 delibat
995 1455 1179 1545 fuggira,o
1202 1458 1262 1525 che
1285 1458 1348 1526 alla
1403 1496 1408 1507 ·

283 1565 433 1631 l’avesse
457 1585 516 1650 per
549 1567 859 1632 ammaestramanto
890 1564 922 1630 di
946 1565 1091 1644 visione,
1115 1565 1255 1634 secondo
1289 1568 1349 1634 ohe

168 1730 171 1734 Α
281 1673 396 1740 dioono
418 1673 543 1752 alouni;
567 1694 586 1737 o
609 1673 737 1738 oh’alla
759 1674 781 1739 il
805 1673 930 1740 facesse
954 1695 1017 1760 par.
1034 1676 1171 1761 proprio
1192 1675 1348 1762 consiglio

162 1823 169 1834 ·
282 1782 313 1848 di
336 1803 397 1848 sua
420 1782 547 1858 mente,
571 1780 658 1846 forsa
682 1780 801 1866 percha
825 1781 1005 1848 l’avarizia
1032 1782 1083 1849 del
1119 1782 1250 1849 fratello
1284 1803 1346 1848 non

280 1889 476 1957 manducasse
499 1906 581 1953 aneo
605 1887 646 1952 lei
669 1887 735 1952 alla
757 1891 873 1955 morte.
897 1889 943 1965 E,
967 1890 1090 1975 riposta
1114 1888 1146 1955 la
1177 1887 1348 1956 debolezra

282 1996 314 2063 di
338 1995 509 2072 femmina,
532 2018 551 2062 e
575 1994 713 2061 fermato
736 1994 879 2061 l’animo
902 2016 922 2061 a
946 1995 1088 2062 forteara
1110 1995 1247 2061 d'uomo
1270 1993 1349 2083 (par

281 2106 313 2171 la
336 2106 411 2190 qual
435 2125 511 2169 oosa
527 2104 590 2170 ella
613 2103 730 2169 maritd
754 2124 865 2170 essere
888 2103 1050 2169 ohiamata
1073 2103 1115 2169 da
1137 2105 1190 2188 poi
1214 2103 1295 2171 Dido
1314 2105 1349 2169 in

283 2207 395 2300 lingua
418 2211 563 2288 Fenioia,
587 2210 647 2275 cha
671 2213 690 2276 a
713 2210 783 2276 dire
805 2212 838 2275 in
875 2211 976 2278 latino
1001 2211 1093 2295 sorte
1126 2209 1269 2299 donna),
1292 2213 1347 2278 in·

283 2318 378 2384 nanzi
399 2318 453 2384 all’
465 2317 550 2383 altra
566 2337 658 2395 cose,
674 2321 782 2385 trassa
805 2337 826 2382 a
848 2337 908 2382 sua
922 2318 1058 2384 'volontd
1073 2317 1182 2384 alcuni
1204 2317 1349 2405 da’prin·

281 2425 344 2510 cipi
367 2423 449 2490 delle
473 2423 602 2500 oittadi,
626 2424 636 2489 i
659 2424 760 2509 quali,
785 2444 843 2509 per
867 2425 959 2491 varia
982 2424 1128 2512 cagioni,
1146 2425 1209 2490 alla
1225 2446 1348 2512 sapeva

282 2551 384 2599 avere
407 2532 440 2596 in
474 2529 548 2596 odio
577 2530 789 2617 Pigmaliona.
813 2533 839 2597 ll
863 2532 944 2599 tolte
968 2530 998 2598 le
1022 2533 1101 2600 navi
1124 2531 1176 2600 dal
1206 2531 1346 2611 fretella,

279 2638 529 2727 apparaoolriata
554 2659 612 2724 por
634 2637 789 2706 mandare
812 2660 832 2705 a
855 2640 897 2706 lei
928 2638 1036 2727 (4),ο
1071 2661 1129 2728 per
1163 2640 1252 2710 altra
1285 2662 1345 2708 oa-

165 2802 168 2806 .
280 2749 395 2838 gione,
413 2748 513 2815 feaela
537 2746 644 2814 subito
667 2747 809 2833 empiera
826 2748 1057 2837 de'oompagni
1075 2749 1131 2835 (5).
1145 2751 1172 2816 Ε
1188 2749 1220 2817 di
1242 2753 1346 2829 nolte,

281 2856 364 2923 talto
399 2856 420 2922 il
457 2860 569 2922 tasoro
603 2855 653 2921 del
689 2856 826 2933 marito,
860 2857 882 2922 il
917 2858 1012 2942 quala
1055 2858 1119 2924 ella
1152 2879 1293 2945 sapava,
1327 2881 1345 2927 e

238 3013 241 3018 .
279 2963 386 3048 quello
409 2963 469 3028 cha
492 2963 557 3028 alla
579 2967 655 3049 pola
678 2965 791 3030 levare
814 2965 845 3029 al
870 2963 1017 3040 fratello,
1042 2965 1145 3030 faoalo
1173 2968 1344 3032 nasoosta-

279 3074 388 3137 menta
412 3073 551 3138 mettere
575 3071 608 3135 in
632 3090 734 3147 aava,
760 3091 796 3148 e,
820 3090 881 3137 oon
904 3070 1085 3140 deliberata
1113 3071 1253 3150 malizia,
1277 3072 1344 3141 leae

347 3477 388 3547 (1)
407 3476 518 3549 Troppo
537 3480 676 3535 sovsrohio
695 3480 715 3534 il
734 3482 822 3551 primo
846 3497 924 3536 sorra
951 3482 1023 3538 nella
1049 3486 1170 3557 stampe,
1195 3502 1246 3556 par
1267 3500 1345 3540 ovem

236 3601 242 3608 ·
276 3583 413 3638 speranza
430 3567 542 3622 dooere
560 3570 585 3622 Io
602 3585 652 3623 suo
671 3577 764 3624 asom.

347 3657 388 3728 (2)
408 3658 569 3727 Corraggasi
588 3659 616 3713 la
642 3664 762 3731 stampe,
788 3660 813 3714 E
838 3663 940 3716 avando
968 3673 1125 3719 ronsrrmolo
1152 3665 1232 3720 modo
1259 3673 1345 3739 tempo

276 3747 408 3812 indam,
426 3765 441 3799 e
454 3751 565 3817 planto,
584 3749 743 3803 adfirmando
761 3753 858 3822 liparae
876 3753 942 3806 oolla
959 3754 984 3806 Io
1001 3770 1052 3807 suo
1068 3754 1155 3809 dilauo
1174 3755 1272 3809 Sr'cdeo.

346 3836 387 3906 (3)
406 3836 493 3907 Atque
512 3840 542 3891 r'n
558 3840 673 3908 [mtrem
697 3841 773 3893 diras
800 3858 895 3895 oaorem
920 3847 1099 3897 execrationes
1124 3848 1268 3914 eapermer.
1288 3845 1343 3901 Mal

276 3929 366 3980 meato
384 3927 455 3979 nella
474 3930 593 3996 stampa:
613 3945 627 3978 a
645 3929 773 3981 rrmndoto
792 3938 885 3983 contro
902 3948 919 3983 a
946 3949 997 3985 suo
1022 3933 1147 4004 fratello,
1169 3951 1184 3986 a
1211 3935 1345 3991 chromate
1452 3929 1461 3953 ⁴

274 4016 341 4083 apra
358 4015 465 4068 crudele
483 4015 649 4070 basternam:

346 4090 427 4174 (l)1l
446 4108 545 4172 guasto
563 4105 666 4161 fazione
684 4108 712 4161 di
732 4109 795 4163 tutti
814 4109 822 4161 i
853 4110 943 4177 codd,
962 4111 1107 4168 dovendosi
1131 4114 1270 4190 infandam
1290 4131 1344 4186 per

275 4193 407 4246 ommim-e
425 4198 467 4247 oia
486 4196 526 4249 fei.
546 4195 566 4249 ll
584 4195 646 4261 lat,
665 4213 711 4250 sau
729 4198 766 4251 ad
781 4215 842 4251 eom
860 4203 1085 4270 transferendam.

345 4283 387 4354 (5)
406 4283 457 4338 Piir
478 4284 562 4339 fadaia
580 4286 606 4339 al
632 4288 761 4359 campan·
777 4290 854 4342 sociis
871 4291 948 4342 faarai!
966 4291 1007 4345 dol
1036 4298 1121 4360 tosto,
1140 4294 1189 4349 ohe
1213 4295 1232 4349 il
1259 4297 1340 4366 facete

214 4422 217 4427 .
272 4371 359 4426 satra
376 4375 495 4427 camma
512 4374 539 4427 a
551 4378 658 4429 frontini
680 4377 723 4431 dal
743 4378 800 4432 aod.
822 4380 973 4435 florentino.
