3330 5190
316 729 413 795 lezza.
437 729 474 805 [1,
497 726 698 814 gloriandosi
721 728 842 813 quello,
866 728 903 794 sd
936 725 1006 793 solo
1040 746 1151 794 essere
1181 729 1215 793 in
1247 729 1337 794 tutto
1360 729 1385 795 il

317 838 433 905 mondo
468 833 669 923 posseditore
705 833 737 903 di
769 839 797 902 sl
832 833 943 904 divine
972 833 1130 915 bellezza,
1159 835 1257 924 piglid
1288 836 1334 925 (1)
1356 837 1385 904 si

316 945 441 1034 grande
464 945 615 1031 pensiero
638 943 699 1010 ohe
723 946 801 1010 niun
824 944 910 1011 altro
934 949 1065 1031 potesse
1089 964 1200 1012 essere
1223 946 1341 1032 eguale
1364 965 1385 1010 a

317 1054 363 1119 lui
386 1056 419 1118 in
442 1056 558 1137 questo
581 1050 639 1136 (2),
663 1052 724 1118 ohe
747 1054 903 1119 cominoid
926 1073 947 1119 a
970 1058 1095 1121 temere
1119 1053 1179 1119 ohe
1214 1054 1387 1120 Marianae

318 1161 449 1228 vivesse
473 1159 579 1225 dietro
602 1178 623 1224 a
645 1158 699 1223 lui.
717 1145 744 1223 11
760 1178 819 1245 per
839 1159 980 1227 schitare
997 1164 1123 1244 questo,
1140 1158 1277 1226 essendo
1292 1178 1385 1225 man·

316 1265 393 1332 dato
417 1286 476 1351 per
499 1266 545 1330 lui
567 1267 601 1330 in
624 1265 748 1350 Egitto,
772 1263 856 1332 dove
880 1267 947 1352 egli
969 1266 1015 1353 (3)
1039 1265 1170 1334 dovera
1196 1265 1321 1331 andare
1345 1264 1386 1331 ad

318 1372 472 1448 Antonio,
495 1392 554 1458 per
577 1368 752 1437 difendersi
774 1370 849 1437 dell’
862 1391 980 1438 aoousa
1002 1371 1087 1439 della
1117 1354 1224 1439 morte
1247 1371 1281 1438 di
1303 1372 1385 1439 Ari·

317 1478 456 1555 stobolo,
473 1478 604 1546 fratello
627 1477 660 1543 di
674 1479 863 1556 Marianna,
880 1480 902 1545 il
926 1479 1021 1565 quale
1037 1479 1104 1567 egli
1126 1499 1236 1548 aveva
1259 1484 1385 1559 morto;

317 1606 335 1651 e
360 1588 423 1673 poi,
447 1586 529 1672 dopo
553 1586 584 1652 la
608 1590 713 1652 morte
729 1585 759 1651 d’
769 1588 923 1665 Antonio,
939 1587 1090 1655 dovendo
1113 1587 1237 1653 andare
1260 1586 1303 1653 ad
1323 1586 1384 1654 Ot-

317 1695 451 1762 taviano
475 1696 672 1779 imperatore
696 1713 754 1779 per
776 1696 921 1760 sousarsi
944 1695 1121 1761 dell’aiuto
1144 1694 1191 1781 (4)
1223 1694 1284 1759 che
1319 1692 1385 1780 egli

316 1819 426 1869 aveva
448 1800 525 1867 dato
548 1800 589 1866 ad
610 1801 753 1867 Antonio
777 1808 892 1867 contra
915 1801 961 1866 lui
975 1801 1031 1886 (5),
1048 1803 1169 1887 impose
1192 1800 1385 1887 aCiprinna

317 1927 377 1972 sna
400 1907 512 1974 madre
535 1928 553 1972 e
577 1907 645 1994 agli
666 1909 771 1986 amici,
794 1908 854 1974 ohe
878 1929 913 1973 se
948 1907 995 1995 gli
1028 1907 1114 1974 fosse
1148 1907 1232 1975 satta
1267 1907 1385 1974 alcuna

317 2036 394 2082 cosa
417 2016 459 2083 da
484 2017 636 2093 Antonio,
660 2038 678 2083 e
702 2017 756 2102 poi
778 2016 819 2082 da
843 2017 1032 2094 Ottaviano,
1057 2038 1115 2103 per
1146 2017 1296 2101 laqueis
1327 2037 1385 2082 se-

318 2125 428 2210 guisse
451 2124 484 2190 la
507 2144 567 2189 sua
590 2130 750 2200 morte‚o
784 2122 870 2190 losse
894 2130 1053 2191 costretto
1088 2145 1146 2211 per
1167 2124 1263 2190 alcun
1298 2124 1385 2191 altro

275 2310 276 2315 ἵ
318 2250 394 2298 caso
417 2230 471 2321 (6),
494 2233 724 2299 incontanente
748 2230 794 2317 (7)
817 2232 1020 2299 uocidessero
1056 2232 1236 2299 Marianae.
1259 2233 1386 2309 Questa

235 2342 238 2349 ’
289 2394 296 2401 l
318 2338 352 2406 iu
377 2359 442 2406 una
465 2341 575 2426 pazzia
598 2339 638 2406 da
661 2340 770 2406 ridere
793 2340 854 2426 (8),
877 2342 938 2407 che
962 2342 1025 2418 lui,
1049 2341 1081 2406 in
1103 2340 1189 2408 altre
1219 2360 1295 2408 cose
1326 2361 1385 2407 sa-

280 2517 285 2525 ,
318 2450 490 2535 gaaissimo
514 2469 561 2526 re,
585 2469 644 2536 per
666 2450 767 2516 altrui
801 2451 925 2517 incerto
960 2451 1099 2537 placere,
1123 2469 1143 2515 o
1166 2449 1246 2516 utile
1269 2451 1298 2515 si
1321 2449 1385 2515 do-

318 2555 413 2635 lesse,
436 2578 465 2635 e,
489 2556 572 2642 dopo
594 2556 626 2624 la
649 2576 709 2623 sua
732 2561 847 2634 morte,
872 2577 989 2625 evasse
1013 2558 1135 2627 invidia
1158 2557 1215 2644 (9).
1236 2557 1285 2623 La
1308 2556 1385 2643 qual

386 2855 426 2927 (1)
444 2857 495 2912 Del
522 2857 616 2913 codice
643 2859 781 2913 cessinese
798 2876 813 2913 e
832 2856 904 2913 della
930 2861 1045 2930 stampe.
1068 2858 1166 2922 Prese,
1184 2855 1205 2912 il
1228 2856 1382 2911 florentino.

317 2943 409 2999 Peneo
427 2944 467 3000 de'
478 2947 554 3001 codd.
574 2948 688 3002 torinesi
706 2949 761 3017 pud
779 2964 871 3002 essere
889 2949 1019 3019 equivooo
1038 2947 1082 3000 dei
1100 2947 1229 3000 menanti.

387 3033 429 3106 (2)
447 3035 487 3090 La
504 3040 653 3108 puniatura
670 3035 742 3090 della
760 3040 866 3108 stampe
884 3040 899 3089 d
914 3044 1011 3091 errata.
1025 3035 1108 3090 Νίκη
1123 3037 1198 3090 altro
1213 3043 1322 3105 potesse
1338 3052 1383 3090 es·

212 3138 215 3147 ·
316 3140 377 3178 sere
395 3126 501 3194 upuole
519 3143 536 3179 o
556 3127 616 3179 lui:
635 3142 650 3178 e
669 3128 700 3178 in
720 3135 815 3196 questo
834 3128 969 3180 oominca'd
987 3143 1006 3179 a
1026 3133 1133 3178 eernere.

388 3212 428 3286 (3)
448 3214 504 3268 Per
524 3217 569 3269 lul
586 3217 619 3269 in
638 3215 765 3285 Epilloe
791 3215 858 3269 dooe
885 3217 931 3270 lui
948 3215 992 3268 del
1019 3214 1077 3270 ood.
1097 3214 1242 3270 florentino
1270 3231 1326 3270 non
1346 3216 1383 3270 mi

316 3303 417 3374 paiono
436 3303 667 3358 dell'Albanaani.

388 3391 427 3465 (t)
444 3392 505 3447 Lea.
525 3392 569 3446 del
593 3394 651 3447 cod.
671 3394 822 3448 florentino.
843 3396 974 3449 diatono
1002 3395 1021 3449 11
1049 3394 1151 3450 codd
1175 3411 1191 3448 e
1214 3393 1243 3448 le
1267 3398 1381 3466 stampe.

316 3481 467 3536 Adiutores
485 3481 505 3536 il
523 3483 581 3537 cod.
600 3482 632 3536 B.

388 3572 427 3644 (5)
445 3572 467 3626 11
484 3556 714 3641 coeremitae,
727 3591 802 3630 come
820 3575 894 3630 nella
912 3579 978 3630 nota
996 3576 1154 3647 penultima,
1167 3577 1217 3630 clm
1236 3577 1281 3630 lui
1298 3593 1382 3631 oveoo

317 3662 382 3716 doto
401 3663 438 3717 od
456 3664 580 3717 Antonio
599 3673 698 3719 contro
717 3667 768 3718 lui.
789 3665 819 3718 L’
826 3667 927 3720 evitare
945 3683 1061 3736 sempm,
1074 3683 1092 3720 a
1110 3666 1232 3736 disegno‚
1245 3665 1263 3718 l’
1270 3683 1320 3721 uso
1339 3665 1382 3719 del

317 3768 380 3806 ceso
398 3755 470 3807 retlo
489 3754 517 3807 in
537 3757 633 3824 questo
651 3773 666 3808 e
684 3756 712 3808 in
730 3755 800 3809 altro
820 3771 959 3826 pronome,
977 3760 993 3810 e
1020 3750 1192 3811 offellazione
1211 3755 1237 3808 di
1255 3758 1382 3808 mouente

317 3840 366 3896 ohe
384 3858 440 3896 non
457 3849 533 3897 sente
552 3843 569 3896 1'
580 3846 711 3909 armonia,
730 3849 882 3900 necessarie
900 3847 985 3901 anche
1004 3846 1058 3900 alia
1075 3862 1166 3917 prosa.

387 3932 425 4004 (6)
444 3932 466 3985 Ε
486 3950 543 3987 non
562 3951 623 3987 coeo
642 3933 712 3987 della
729 3938 844 4005 stampe.
860 3935 914 3990 Seu
933 3953 1000 3989 casu
1019 3937 1078 3990 alio
1095 3934 1269 4006 opor·etur‚il
1287 3938 1364 3988 tosto.

387 4021 427 4093 (7)
445 4022 551 4089 Subito,
570 4023 591 4078 il
608 4022 667 4078 solo
686 4024 743 4077 ood.
764 4024 914 4079 florentino.
1417 4084 1423 4094 ,

387 4111 426 4181 (8)
444 4112 513 4169 Esso
532 4114 590 4169 cod.
605 4115 739 4168 Mellaria
751 4115 788 4169 do
808 4115 960 4180 ridersene,
972 4115 1012 4188 gli
1025 4116 1089 4172 altri
1107 4117 1211 4173 cedde
1229 4116 1256 4170 lo
1268 4118 1382 4185 stampe.

389 4201 427 4269 (9)
446 4202 457 4256 1
475 4204 551 4259 codd.
570 4205 691 4258 tortuosi.
711 4205 771 4258 Lui
859 4206 965 4262 doleret
988 4225 1073 4262 e....
1097 4225 1179 4261 overe
1195 4205 1233 4274 (11
1251 4203 1308 4259 cod.
1328 4204 1382 4259 lio·

318 4291 424 4346 rentino
442 4292 561 4364 averna)
579 4294 699 4356 invidio,
717 4293 744 4348 la
761 4297 876 4365 stampe.
